3476 5524
138 4431 247 4508 corde;
268 4449 393 4496 eorum
413 4432 684 4496 conversatione
704 4431 1129 4506 multorumstudentium
1150 4433 1288 4498 animas
1307 4434 1353 4498 ad

187 1575 285 1635 Pater
298 1575 497 1636 Leonardus
509 1577 629 1636 Kessel

219 1673 311 1733 Patri
321 1673 450 1748 ignatio
464 1673 505 1734 de
518 1674 658 1750 Loyoia.

254 1773 406 1844 Colonia,
421 1772 458 1831 20
471 1773 616 1848 Augusti
631 1773 700 1830 tata
713 1774 732 1828 ¹.

713 2033 786 2149 nis

191 2300 313 2364 Gratia
342 2310 377 2364 et
404 2317 477 2381 pax
505 2297 566 2362 X.¹
594 2315 733 2378 semper
761 2309 899 2362 crescat
928 2301 964 2362 in
992 2301 1147 2366 omnium
1176 2300 1355 2365 cordibus.
1413 2295 1416 2302 ’

139 2405 256 2470 Amen.

189 2513 496 2578 Reverendissime
512 2514 548 2576 in
562 2513 624 2576 X.⁰
639 2513 722 2595 Jesu
738 2511 854 2575 Pater:

189 2619 343 2684 Litterae
362 2638 407 2684 ex
426 2619 594 2683 mandato
613 2618 652 2682 Ρ.
673 2617 719 2682 V.
740 2635 802 2699 per
821 2617 1073 2684 Reverendum'
1089 2617 1231 2683 Patrem
1251 2620 1356 2702 Joan-

138 2743 212 2790 nem
229 2727 274 2790 de
297 2726 454 2790 Polanco
472 2725 518 2789 ad
535 2743 601 2790 nos
621 2726 791 2806 scriptae,
813 2742 894 2788 cum
913 2725 1040 2788 litteris
1059 2726 1277 2792 confratrum
1296 2745 1356 2792 no·

136 2843 296 2913 strorum,
318 2849 450 2912 magno
472 2849 552 2896 cum
571 2831 704 2911 gaudio
723 2840 804 2895 sunt
823 2831 952 2910 lectae,
977 2831 1104 2911 quibus
1128 2833 1357 2913 intelligimus

137 2957 198 3018 qua
211 2939 398 3004 dilectione
412 2948 629 3020 paternoque
649 2955 769 3002 amore
783 2936 822 3000 P.
838 2936 884 3001 V.
901 2954 966 3001 nos
986 2954 1108 3004 omnes
1127 2939 1164 3002 in
1177 2938 1270 3003 filios
1285 2957 1355 3004 am·

136 3049 301 3124 plectatur
331 3045 571 3110 charissimos.
599 3044 715 3124 Quam
741 3043 809 3106 hoc
838 3044 1006 3108 nuncium
1034 3045 1196 3109 omnibus
1222 3048 1356 3112 laetum

136 3151 206 3232 fuit,
221 3173 265 3218 ex
280 3169 406 3217 eorum
420 3153 548 3217 litteris
561 3151 599 3216 P.
617 3150 663 3214 V.
680 3150 783 3214 facile
798 3151 999 3232 perspicere
1014 3152 1155 3232 poterit.

189 3259 323 3324 Bullam
334 3277 474 3341 quoque
486 3259 608 3340 accepi
619 3275 683 3339 per
694 3256 905 3336 Magistrum
920 3255 1119 3322 Adrianum
1132 3259 1293 3324 Lovanio
1310 3260 1367 3326 ad·

135 3383 195 3430 nos
208 3367 365 3444 missam,
381 3384 451 3448 qua
466 3365 504 3429 Ρ.
520 3365 566 3430 V.
589 3365 741 3445 plurima
760 3364 862 3428 nobis
880 3363 1018 3429 confert
1039 3365 1221 3430 beneficia.
1243 3365 1355 3448 Spero

135 3473 165 3536 in
190 3473 340 3538 Domino
366 3490 432 3537 nos
456 3474 569 3536 bonos
594 3471 669 3536 sore
691 3480 910 3536 executores.
935 3471 1064 3536 Multas
1083 3471 1121 3536 Ρ.
1142 3473 1188 3536 V.
1215 3474 1355 3553 agimus

135 3581 261 3656 gratias
275 3590 457 3660 totumque
473 3578 568 3660 quod
582 3578 753 3642 habemus
773 3587 807 3642 et
826 3595 1030 3659 possumus,
1050 3579 1086 3643 in
1106 3578 1258 3644 Domino
1273 3579 1354 3644 offe·

135 3686 236 3750 rimus
249 3685 287 3750 P.
304 3686 364 3766 V.,
382 3701 522 3766 semper
541 3683 753 3749 ineffabilem
775 3682 842 3747 Dei
861 3685 1085 3752 clementiam
1098 3693 1355 3768 paternamque

136 3793 388 3873 liberalitatem,
405 3810 475 3875 qua
491 3809 558 3856 nos
573 3808 696 3855 omnes
710 3790 768 3854 hic
783 3791 951 3856 Coloniae
966 3790 1148 3872 agentes-²,
1166 3793 1226 3872 qui
1240 3794 1355 3874 magis

135 3909 248 3964 nostro
268 3899 445 3966 desiderio
464 3898 604 3964 videtur
623 3897 813 3975 inservire,
835 3915 943 3977 quam
961 3915 1027 3962 nos
1045 3895 1122 3978 ejus
1135 3900 1290 3978 gratiam
1304 3899 1354 3963 in-

136 4005 275 4084 quirere.
291 4007 408 4070 Tanta
423 4014 477 4070 est
489 4015 529 4069 ut
543 4004 661 4068 verbis
676 4004 855 4084 explicare
870 4021 942 4067 non
956 4003 1100 4085 possim.

189 4111 255 4177 Mei
283 4113 482 4200 contraires
506 4112 542 4176 in
571 4111 697 4176 studiis
727 4127 895 4190 magnam
924 4109 1090 4174 adhibent
1118 4111 1350 4192 diligentiam,

136 4217 285 4286 eumdem
299 4227 487 4284 servantes
500 4217 662 4283 ordinem
682 4219 821 4300 qualem
838 4218 882 4281 ad
897 4218 1043 4297 longum
1057 4217 1246 4299 aliquando
1268 4219 1353 4284 scri·

137 4323 193 4403 psi,
217 4325 260 4390 ad
285 4325 532 4390 obedientiam¹
551 4323 805 4406 promptissimi
831 4341 981 4405 semper,
1004 4323 1183 4405 simplices
1204 4336 1239 4390 et
1263 4327 1355 4394 recti

172 4639 179 4670 ¹
205 4639 379 4696 autographa
389 4645 447 4684 totu
456 4649 533 4683 manu
543 4637 572 4682 P.
582 4636 613 4682 1..
624 4637 728 4690 Keuel,
739 4637 800 4682 lolio
810 4637 884 4682 unico
894 4648 919 4680 n.
929 4635 977 4680 624.

169 4711 180 4743 ²
203 4711 297 4758 neme
312 4709 355 4756 hle
371 4709 474 4765 aliquod
491 4710 599 4754 verbum
613 4708 724 4754 videtur.
739 4719 784 4762 nc..
799 4709 981 4763 prosequitur,
996 4707 1171 4764 amplectitur
1181 4715 1226 4754 unt
1240 4708 1311 4754 atiud
1320 4710 1354 4753 ui·

136 4783 195 4827 nite.
