3442 5538
751 475 922 536 LITTERAE
941 493 1090 546 Quonam
1097 492 1217 537 astans

418 1361 455 1422 P.
471 1361 646 1437 sylvester
658 1362 829 1422 Laudinus

453 1460 544 1520 Patri
556 1460 677 1536 Joanni
689 1460 730 1520 de
742 1461 900 1521 Polanco.

489 1558 673 1632 Margum,
687 1559 705 1616 7
717 1558 892 1618 Februarii
906 1558 976 1618 1548
989 1559 1008 1615 ·.

937 1769 1012 1892 nis

423 2045 475 2108 La
490 2045 608 2124 gratia
624 2043 680 2108 del
694 2042 844 2123 Signore
859 2043 912 2107 sia
927 2043 1066 2125 sempre
1081 2043 1163 2105 nelli
1177 2043 1277 2106 cuori
1290 2042 1415 2106 nostri.

424 2149 589 2230 Rispuosi
604 2168 626 2213 a
640 2152 756 2231 quella
771 2149 806 2212 di
821 2158 894 2214 otto
909 2149 945 2213 di
959 2149 1096 2212 ottobre
1112 2148 1147 2212 di
1166 2149 1300 2212 Vostra
1318 2147 1535 2212 Reverentia
1557 2158 1593 2210 et

364 2275 464 2321 come
478 2257 571 2320 insin
585 2260 621 2320 la
634 2257 659 2320 il
673 2255 823 2337 Signore
836 2257 953 2319 havea
968 2267 1093 2337 optato
1112 2274 1182 2337 qua
1200 2258 1291 2319 nelle
1310 2256 1426 2320 anime
1446 2273 1522 2318 sue.
1545 2257 1590 2319 Et

243 2405 248 2416 ¹
362 2382 434 2427 non
459 2362 622 2427 havendo
647 2363 771 2427 scritto
787 2364 856 2427 dal’
882 2364 972 2427 hora
987 2364 1023 2426 in
1048 2381 1129 2444 qua,
1155 2363 1244 2426 hora
1268 2363 1362 2426 facio
1383 2363 1547 2426 intendet
1569 2381 1590 2424 a

364 2471 479 2550 quella
494 2487 594 2533 come
608 2487 671 2550 per
685 2472 809 2533 lettere
824 2470 859 2533 di
873 2469 920 2532 M.
937 2469 1018 2533 Don
1033 2471 1149 2534 Batta.
1165 2468 1177 2500 ¹
1191 2468 1327 2532 Pezzan
1339 2469 1387 2532 mi
1403 2468 1592 2538 transferri

362 2577 478 2640 insino
493 2596 514 2640 a
529 2575 674 2656 Parma,
697 2586 731 2640 et
750 2577 800 2640 fui
820 2579 929 2640 molto
949 2577 1111 2641 edificnto
1130 2577 1222 2640 della
1240 2576 1402 2639 humilito
1420 2576 1457 2639 di
1476 2577 1592 2656 quelle

363 2683 572 2760 convertite,
588 2682 654 2745 che
668 2684 905 2746 condannava
929 2684 963 2746 ia
984 2684 1055 2746 mia
1078 2681 1262 2765 superbia;
1286 2690 1320 2745 et
1341 2699 1403 2762 per
1425 2684 1591 2746 commis·

363 2791 463 2854 sione
487 2789 523 2852 di
541 2789 587 2852 M.
609 2788 726 2852 Batta.
746 2789 771 2852 li
789 2789 856 2852 feci
882 2798 1022 2869 quattro
1044 2792 1165 2870 parole
1185 2789 1277 2852 della
1296 2789 1507 2867 ubidientia,
1530 2789 1592 2870 pin

361 2895 565 2960 necessaria
579 2912 601 2958 a
615 2912 671 2959 me
685 2896 751 2959 che
766 2914 788 2959 a
802 2896 889 2959 lor0.
904 2894 951 2958 Vi
963 2897 1063 2960 siano
1075 2895 1329 2960 racomandate
1339 2913 1403 2977 per
1414 2911 1519 2959 amor
1534 2896 1591 2959 del

361 3002 491 3067 Nostro
507 3000 667 3082 Signore.

422 3107 537 3172 Tanto
556 3110 613 3172 nel
632 3118 775 3173 tornare
801 3117 932 3190 quanto
947 3110 1027 3172 nell’
1052 3109 1165 3172 andar
1179 3109 1210 3172 si
1233 3108 1309 3172 fece
1328 3107 1437 3171 srutto
1457 3110 1519 3170 nel
1538 3107 1591 3171 Si·

360 3232 473 3296 gnore
487 3217 544 3296 pel
558 3215 704 3294 viaggio
715 3216 752 3278 in
763 3215 976 3280 confessioni
987 3225 1022 3279 et
1033 3216 1274 3279 communioni
1283 3224 1319 3277 et
1330 3215 1588 3292 exhortationi;

359 3332 447 3386 etse
464 3340 536 3386 non
550 3322 645 3386 fosse
660 3332 752 3386 stato
769 3322 846 3385 che’
857 3323 868 3385 l
879 3332 1000 3386 nostro
1022 3323 1168 3386 Vicario
1184 3321 1358 3386 Generale
1374 3321 1430 3384 del
1452 3320 1591 3385 Vesco-

359 3430 454 3492 vado
470 3431 515 3493 m’
532 3429 649 3492 havea
663 3430 747 3493 dato
761 3430 795 3493 la
811 3447 897 3493 cura
912 3430 1003 3492 della
1017 3429 1157 3493 diocese
1169 3447 1238 3492 con
1252 3428 1462 3493 autoridade
1477 3438 1514 3492 et
1528 3447 1591 3508 pa·

359 3543 453 3598 tente
469 3536 587 3614 ampla
599 3553 664 3616 per
682 3534 798 3599 aiutar
812 3538 834 3598 l'
852 3535 967 3600 anime
982 3553 1003 3598 a
1019 3553 1189 3599 conoseer
1204 3544 1238 3599 et
1253 3553 1353 3598 amar
1367 3535 1393 3598 il
1403 3551 1469 3598 suo
1481 3533 1591 3598 Crea-

359 3651 433 3719 tor,
455 3641 504 3704 mi
524 3643 825 3723 constringevono
844 3658 913 3706 eon
933 3644 966 3705 le
984 3643 1061 3705 loro
1081 3641 1203 3706 humili
1224 3641 1411 3722 preghiere
1430 3659 1452 3702 a
1470 3649 1591 3704 restat

360 3765 423 3827 per
446 3746 598 3826 qualche
617 3748 654 3811 di
672 3767 694 3812 a
713 3749 862 3812 servirle
876 3749 933 3812 del
951 3747 1081 3812 Nostro
1096 3746 1246 3828 Signore
1260 3748 1320 3828 pin
1342 3747 1407 3810 che
1428 3748 1488 3810 noi
1507 3745 1590 3810 feci.

419 3851 606 3916 Ritornato
621 3855 714 3917 neila
728 3855 869 3918 diocese
884 3866 1006 3919 nostra
1026 3855 1133 3918 andai
1148 3872 1170 3917 a
1191 3854 1419 3933 Castellione‚
1441 3853 1593 3917 Castillo

359 3958 416 4022 de’
436 3956 629 4040 florentini,
647 3971 681 4024 et
700 3963 796 4025 stetti
815 3963 866 4026 ivi
888 3963 987 4026 molti
1006 3963 1139 4041 giorni,
1161 3973 1195 4025 et
1214 3962 1274 4042 pin
1288 3962 1467 4024 volevano
1484 3960 1540 4024 ch’
1555 3961 1593 4024 io

358 4066 481 4145 stessi3
498 4083 557 4130 ma
573 4083 644 4130 non
663 4076 782 4147 potete
802 4070 933 4149 perche
953 4068 989 4132 io
1010 4086 1072 4131 era
1092 4067 1298 4132 dimandato
1319 4067 1414 4130 dalla
1434 4083 1591 4130 commu·

358 4171 434 4235 nite
454 4171 490 4235 di
510 4170 705 4252 Gragnana
723 4191 790 4236 con
810 4174 1048 4253 grandissono
1068 4173 1246 4239 instantia.
1265 4175 1311 4237 Et
1328 4173 1389 4254 poi
1406 4171 1504 4236 finito
1526 4173 1592 4253 ivi,

358 4278 466 4342 andai
481 4296 503 4342 a
518 4295 590 4341 uno
604 4280 750 4342 castello
765 4280 821 4343 del
834 4279 1020 4344 Marchese
1034 4279 1182 4359 Manfre,
1196 4281 1292 4344 detto
1302 4279 1504 4343 Fillaterra.
1517 4278 1591 4344 Da-

357 4385 417 4466 poi
431 4383 481 4447 sui
496 4384 700 4448 dimandato
715 4387 808 4448 nella
822 4387 1038 4450 communita
1051 4387 1085 4450 d'
1098 4388 1284 4468 Alturano‚
1296 4387 1357 4468 poi
1366 4385 1412 4449 da
1424 4386 1542 4466 quella
1554 4387 1594 4456 di

399 4662 408 4694 ¹
437 4660 505 4705 'roto
514 4665 554 4706 est
567 4672 644 4706 manu
654 4663 734 4717 ipsius
744 4661 832 4707 Patrin
841 4661 952 4708 Lendint
961 4663 987 4706 in
997 4663 1057 4707 solio
1067 4675 1092 4708 n.
1102 4663 1150 4707 tot.

398 4733 409 4764 Ι
437 4731 681 4788 1οιοηειΒαρ11ιῑι
690 4733 828 4778 Pezzanus.
