935 1458
365 142 397 157 Aa.
408 142 441 157 1551
683 144 711 158 2⁹1³·

102 178 153 198 genia,
161 178 202 194 huic
209 178 318 198 persuadens
327 179 434 198 religionum
443 183 536 195 numerum
546 180 653 199 superfluum
663 184 708 199 esse,

102 205 147 220 alteri
154 205 200 221 hanc
208 204 314 221 Societatem
321 205 379 225 magis
386 205 409 221 ad
419 206 548 222 convertendas
559 209 642 222 externas
653 206 709 222 natio-

102 236 129 247 nes
141 232 239 247 institutam
251 236 299 251 esse,
312 231 384 252 renquis
396 236 440 248 vero
452 237 488 248 non
500 233 547 249 hanc
559 235 634 253 tantum,
647 237 710 249 verum

102 263 156 274 omnes
166 258 211 274 alios
220 258 291 274 ordines
301 258 323 274 de
334 258 393 274 medio
404 259 495 278 tollend0s;
507 259 532 275 ita
542 262 567 278 ut,
578 264 619 275 eum
630 260 710 280 pluribus

102 289 142 301 nunc
150 285 201 301 nobis
209 287 235 301 est
242 285 375 305 digladiandum
382 290 435 306 quam
443 286 498 306 prius,
506 286 624 306 {erendusque
629 291 664 302 non
670 291 709 306 par-

101 316 130 328 vus
143 312 264 328 molestiarum
279 312 382 332 fasciculus,
396 315 492 333 antequam
504 315 560 329 totum
573 313 607 329 hoc
619 313 710 333 negotium

102 339 147 355 finem
161 343 213 355 suum
227 340 309 361 accipiat.
324 340 421 361 Speramns
435 342 494 357 tamen
508 340 546 356 fore
558 342 577 356 ut
590 340 663 356 consilio
676 340 710 356 Dei

101 366 221 386 omnipotentis
235 367 298 383 iterum
310 367 424 383 conculcetur
436 367 501 383 sathan
512 367 545 382 sub
554 366 628 387 pedibus
637 367 709 386 nostris;

102 393 180 413 quoniam
187 393 202 409 si
209 394 281 414 proprio
288 394 334 410 Filio
342 398 374 410 suo
379 398 416 410 non
422 393 507 414 pepercit,
516 393 547 409 sed
555 398 587 413 pru
598 393 648 409 nobis
655 394 709 409 omnir

102 420 129 435 bus
135 420 208 436 tradidit
216 421 269 440 illum,
278 421 366 441 quomodo
373 425 409 436 non
415 425 456 436 curn
463 420 493 436 illo
501 420 552 436 nobis
561 420 620 436 omnia
630 420 711 436 donabit?

102 446 144 462 Haec
151 451 195 463 sane
202 447 253 463 nobis
261 447 321 463 omnia
328 447 400 463 evenire
407 447 496 463 credimus
506 447 529 462 ad
537 447 659 467 probationem
670 447 710 463 fidei

100 476 164 489 nostrae
173 476 192 489 et
199 474 303 494 patientiae,
311 478 365 494 qua-ru
373 474 424 490 nobis
432 478 463 494 per
470 473 560 490 orationes
567 475 637 489 vestras
646 473 710 490 donari

99 500 179 519 cupimus.

126 527 148 543 Ut
155 527 179 543 ad
185 528 301 547 particularia
308 527 420 547 descendam,
427 527 511 547 juvenem
517 527 561 543 satis
572 527 629 543 levem
634 539 638 546 ,
650 531 672 543 ne
684 526 709 542 di>

100 558 134 569 carn
140 556 233 570 maternae
240 554 310 574 pietatis
317 554 396 574 oblitum,
404 554 427 570 ab
433 554 514 574 ingressu
522 554 613 574 religionis
619 553 708 574 prohibui-

100 584 138 600 mus;
145 585 186 596 cum
194 580 241 597 enim
248 583 323 597 matrem
331 581 470 601 pauperrimam,
479 585 490 596 a
497 580 587 596 sexdecim
595 580 646 596 annis
655 580 709 600 gravi

100 607 155 622 morbo
162 607 298 623 decumbentem
305 607 323 623 in
331 608 382 627 lecto,
390 607 408 623 in
415 607 508 627 pristinam
515 607 634 623 valetudinem
639 611 676 622 non
682 611 710 622 re·

99 634 170 649 dituram
178 634 335 653 animadverteret,
343 638 376 650 nec
384 638 423 650 esse
430 634 498 650 videret
506 634 535 650 cui
540 636 566 649 tot
574 634 644 649 labores
649 635 709 649 essent

99 660 161 676 terendi
170 660 207 676 nisi
216 660 250 676 sibi
257 660 298 680 soli,
307 661 366 676 animo
376 660 444 677 fractus
454 663 471 676 et
482 661 556 676 alendae
566 660 628 676 matris
638 660 709 676 difficul-

99 689 130 702 tate
137 687 249 707 perterritus,
258 687 362 703 coenobium
369 687 439 707 ingredi
446 687 528 707 parabat:
540 691 576 708 qua
586 687 608 703 de
618 691 637 703 re
649 686 709 703 admo-

99 714 131 733 niti,
139 714 233 730 docuimus
240 714 289 730 illum
296 714 383 730 naturalis
388 714 432 734 juris
439 714 550 734 praescripta
557 714 618 734 magni
626 718 665 730 esse
673 718 710 729 mu>

99 741 151 760 menti;
159 741 225 757 deinde
232 745 268 757 non
275 741 310 757 hac
317 741 385 757 ratione
392 741 520 761 capessendam
530 745 569 757 esse
576 740 667 761 religionis
674 740 710 756 sor-

99 768 164 787 mulam,
173 770 194 783 ut
201 768 268 783 scilicet
274 767 332 784 alendi
338 768 418 788 corporis
425 768 481 784 nostri
488 768 517 784 vel
523 768 598 784 aliorum
605 767 709 787 effugiamus

100 794 171 814 labores,
186 794 218 810 sed
228 797 295 810 tantum
309 797 327 810 ut
339 794 421 810 meliores
434 794 539 814 evadamus,
552 794 587 810 hac
599 794 630 810 via
642 794 710 810 seilicet

100 825 126 836 nos
132 821 164 837 X.⁰
172 821 311 837 conformantes
323 820 384 841 quue
390 821 464 837 consilio
472 821 538 837 factum
548 823 575 837 est
586 825 608 837 ne
619 820 709 841 pauperri

99 851 122 863 ma
132 850 191 864 mater
203 848 314 864 desereretur
324 852 335 863 a
346 848 387 867 filio,
399 852 445 864 neve
454 848 510 867 filius,
521 848 589 863 ratione
598 847 676 867 fugiendi
686 847 710 863 la·

99 873 140 890 boris
152 877 170 890 et
183 874 294 894 abjiciendae
308 874 372 894 crucis,
388 874 480 894 religionis
493 874 600 894 institutum,
614 873 661 894 quod
674 878 710 890 non

99 903 165 921 propter
173 901 221 917 X.=¹¹¹
228 901 317 921 capiebat,
325 904 432 921 capesseret.

123 927 217 944 Mulierem
224 928 266 944 item
273 928 373 948 quamdam,
384 932 430 948 quae
440 932 460 943 se
470 932 481 943 a
492 928 551 944 multis
561 928 612 943 annis
621 927 640 943 in
649 932 709 943 mona*

98 955 166 971 sterium
179 955 275 971 viduarum
286 954 395 974 conjecerat,
405 954 566 974 septuagenariam,
579 954 641 974 egredi
650 954 710 970 volen-

99 984 134 1001 tem,
142 986 164 997 ne
172 981 230 997 exiret
240 981 389 1001 compescuimus,
400 981 484 997 docentes
495 985 534 997 eam
544 983 561 997 et
571 981 655 997 scandalo
664 981 710 997 sutu-

99 1012 131 1024 ram
137 1008 247 1024 monasterio
253 1012 291 1027 suo,
298 1010 315 1024 et
321 1008 398 1024 familiae
403 1012 447 1024 suae
454 1010 472 1024 et
478 1008 511 1024 sibi
517 1008 592 1028 ruinam;
599 1012 674 1028 cumque
679 1008 709 1024 illa

98 1039 106 1049 a
113 1034 207 1055 Superiore
214 1039 247 1051 suo
255 1039 274 1051 se
282 1035 384 1051 facultatem
392 1035 468 1050 exeundi
476 1035 580 1055 impetrasse
588 1034 662 1054 diceret,
673 1039 710 1050 mo-

98 1062 123 1077 nui
130 1066 163 1082 ego
171 1066 195 1078 ne
202 1062 266 1078 talibus
271 1061 432 1082 dispensationibus
437 1061 504 1081 fideret,
511 1065 556 1082 quae
562 1064 579 1077 et
585 1061 618 1077 sibi
624 1061 709 1081 prodesse

98 1091 111 1104 et
119 1093 128 1104 a
135 1089 218 1105 Praelata
226 1093 258 1105 suo
266 1089 337 1104 minime
344 1088 418 1104 concedi
424 1090 503 1109 possent;
509 1088 551 1109 quin
557 1088 621 1109 potius,
628 1088 675 1108 quod
681 1093 710 1104 su-

97 1118 151 1134 perest
159 1116 210 1131 vitae
219 1118 237 1131 et
244 1115 326 1135 canitiei,
334 1115 352 1131 in
361 1115 414 1131 dumo
424 1115 497 1131 Domini
506 1117 589 1135 pergeret
598 1119 709 1131 consumere.

98 1141 156 1158 Gratia
163 1144 225 1158 autem
232 1141 266 1158 Dei
274 1142 314 1162 Opt.
322 1142 369 1158 Max.
378 1141 460 1158 effectum
468 1144 494 1157 est
502 1144 521 1158 ut
528 1142 605 1162 amplius
612 1142 653 1158 inde
659 1142 708 1158 abire

99 1171 169 1185 recuset.

125 1195 157 1211 His
168 1196 289 1211 sacrosanctis
302 1195 450 1216 quadragesimae
463 1195 530 1215 diebus,
544 1195 603 1211 multis
615 1197 653 1211 tum
665 1195 710 1211 viris
