3400 5524
746 409 917 468 Lirrnuas
935 423 1205 477 Qusnmnnsrsss

387 1435 510 1494 Petrus
524 1433 678 1494 Carisius

442 1533 534 1592 Patri
547 1532 675 1606 Ignatio
687 1531 729 1591 de
742 1532 882 1606 Loyoia.

476 1629 688 1705 Ingolstadio‚
702 1631 739 1690 30
752 1632 895 1706 Aprilis,
910 1631 977 1690 1551
993 1632 1013 1686 ¹.

928 1888 1003 2006 nis

349 2103 390 2149 De
400 2106 477 2150 rebus
486 2105 597 2148 iratrnm
606 2101 755 2157 societatis.
766 2101 809 2158 qui
820 2103 887 2159 apud
897 2103 1042 2148 Germanos
1052 2103 1155 2157 derunt,
1164 2103 1198 2146 ab
1207 2101 1280 2147 initio
1291 2101 1351 2147 anni
1360 2103 1419 2155 1551,
1427 2106 1578 2157 praesertim

684 2174 937 2230 Insultantesque
952 2173 987 2218 ad
1001 2183 1114 2220 manaem
1129 2173 1224 2219 Maium
1233 2174 1252 2217 ¹.

408 2373 534 2437 Gratia
550 2381 585 2437 et
598 2390 686 2453 pax,
703 2382 771 2436 etc.
788 2368 809 2432 ⁸.
1338 2447 1341 2450 ¹

406 2479 623 2544 Redditurus
637 2479 813 2543 rationem
827 2479 1050 2559 superiorum
1071 2478 1176 2541 huius
1196 2478 1282 2540 anni
1301 2479 1491 2557 mensium,
1513 2479 1581 2542 hoc

346 2587 393 2649 de
407 2586 541 2666 meipso
556 2585 714 2666 praefari
728 2585 854 2665 habeo,
869 2583 947 2648 Rae
962 2584 1070 2649 Pater
1084 2585 1120 2648 in
1135 2584 1275 2648 Christo
1296 2583 1502 2666 Praeposite
1521 2604 1580 2649 no-

346 2703 434 2772 ster,
449 2693 567 2756 vereri
578 2711 634 2756 me
649 2693 798 2772 scilicet,
815 2709 857 2755 ac
873 2691 1052 2755 solicitum
1066 2709 1144 2755 esse
1159 2707 1295 2754 summo
1308 2690 1385 2755 iure
1396 2708 1504 2772 quam
1515 2709 1582 2771 ego

347 2800 523 2864 rationem
537 2800 651 2864 omnis
666 2799 761 2864 vitae
783 2816 883 2864 meae
904 2800 972 2863 sim
993 2815 1115 2862 coram
1135 2796 1249 2862 iudice
1268 2797 1345 2863 Deo
1363 2798 1579 2877 redditurus,

345 2909 409 2988 qui
433 2924 527 2970 nunc
547 2907 591 2969 de
610 2907 732 2988 paucis
753 2907 861 2969 etiam
884 2905 1079 2985 mensibuS‚
1101 2905 1169 2968 nisi
1191 2905 1282 2968 male
1305 2906 1505 2985 collocatis,
1532 2924 1583 2970 re·

345 3015 522 3096 spondere
540 3031 614 3078 non
632 3030 787 3094 possum.
811 3011 974 3078 Praestat
993 3012 1102 3092 igitur
1119 3013 1163 3077 de
1182 3011 1260 3074 R.<¹⁰
1280 3011 1336 3076 ΡΞ
1358 3023 1393 3076 et
1411 3011 1584 3083 uectore,

347 3123 392 3187 D.
409 3122 557 3186 Claudio
571 3121 667 3203 Jaio,
684 3129 719 3183 et
733 3120 777 3184 D.
795 3120 942 3184 Nicoiao
963 3119 1137 3184 Gondano
1156 3120 1274 3184 dicere
1293 3121 1463 3202 primum,
1486 3121 1583 3202 quod

347 3247 410 3310 per
434 3229 513 3292 iilos
538 3227 659 3291 divina
688 3227 827 3290 bonitas
857 3226 1001 3306 efficiat,
1028 3245 1119 3307 quae
1142 3237 1310 3308 peccator
1339 3244 1407 3307 ego
1431 3225 1583 3308 Deoque

347 3336 512 3416 ingratus
526 3343 561 3398 et
576 3333 709 3397 inutilis
723 3335 828 3414 piane
841 3332 937 3397 haud
954 3349 1162 3415 consequor.

407 3441 546 3508 Vellem
560 3441 702 3506 interim
719 3441 836 3520 magis
857 3440 944 3504 mihi
963 3457 1041 3504 esse
1061 3449 1258 3520 comperta,
1280 3459 1371 3521 quae
1389 3440 1585 3522 praecipue

346 3548 389 3613 R.
406 3549 445 3612 P.
463 3548 633 3613 Claudius
647 3549 716 3611 hoc
736 3565 829 3611 anno
849 3548 976 3627 gessit,
997 3548 1183 3628 praeclara
1202 3565 1304 3628 sane,
1326 3548 1427 3612 etad
1448 3548 1584 3612 Christi

343 3656 498 3736 gloriam
512 3655 759 3743 illustrandam
774 3654 909 3735 scriptu
922 3653 1041 3734 digna,
1058 3655 1088 3718 si
1103 3655 1181 3736 quis
1195 3673 1238 3718 ea
1253 3673 1376 3720 coram
1396 3655 1580 3737 adspexis-

388 3929 396 3964 t
425 3929 482 3974 Duo
493 3931 651 3986 exemplaris
661 3931 753 3975 irarum
763 3929 911 3975 litterarum
921 3929 1054 3974 habemus:
1065 3939 1141 3973 unum
1149 3939 1165 3974 a
1173 3927 1202 3973 Ρ.
1213 3929 1348 3974 Bernardo
1361 3929 1476 3975 oliverio
1488 3941 1583 3976 exara·

344 4007 403 4045 tum
413 4001 439 4045 in
449 4002 516 4045 toliis
527 4001 552 4044 10
562 4009 588 4045 et
599 4003 623 4046 ll
635 4001 736 4046 Codicis
747 4001 806 4054 ¹⁵5¹:
822 4001 942 4054 alterum.
953 3999 1036 4044 Roma
1048 4000 1082 4044 ad
1093 3999 1222 4055 Hispanos
1232 4001 1316 4045 socios
1326 4002 1439 4055 missum,
1450 4002 1477 4046 in
1488 4001 1581 4046 Histra

342 4073 391 4115 ria
407 4073 495 4123 varia,
510 4074 562 4116 vol.
581 4083 598 4127 1,
614 4073 657 4117 iol.
673 4073 713 4117 208
729 4079 755 4117 et
772 4071 1038 4127 noa-Autompuae
1049 4070 1145 4116 canisii
1162 4073 1267 4116 litterae
1283 4079 1342 4116 sunt
1357 4073 1382 4117 in
1396 4073 1458 4117 lolio
1469 4073 1577 4128 duplici,

346 4155 388 4188 nn.
398 4143 440 4188 stt
449 4149 475 4187 et
485 4144 533 4198 380,
544 4145 616 4199 cujus
626 4149 680 4188 tres
691 4151 793 4189 tantum
803 4144 902 4200 priores
911 4143 1022 4199 paginas
1032 4141 1152 4198 implent;
1168 4143 1194 4187 in
1203 4149 1298 4198 quarta
1313 4154 1363 4187 uon
1378 4149 1418 4188 est
1433 4144 1482 4190 nisi
1493 4156 1585 4200 anper-

344 4215 454 4270 scrlptlo
464 4221 490 4259 et
501 4216 554 4259 alia
564 4227 655 4271 panca,
666 4227 733 4271 qnae
744 4217 812 4260 inira
822 4221 879 4270 post
887 4215 1131 4270 superscriptionem
1142 4215 1356 4260 transcribentur.

387 4288 398 4320 ¹
425 4285 621 4341 Inscriptionens
637 4287 712 4338 hanc,
728 4297 804 4342 quam
821 4286 940 4331 Carisius
957 4297 1019 4332 suae
1036 4287 1195 4332 narrationis
1211 4288 1283 4332 initio
1301 4287 1435 4343 imposuit,
1452 4289 1521 4333 linea
1533 4290 1583 4332 cir-

344 4359 484 4404 cumducta
494 4360 619 4403 conclusit
630 4359 757 4405 Polancus
767 4372 799 4404 ne
809 4360 835 4404 in
846 4360 1017 4415 transumptis
1031 4360 1197 4404 scriberetur.
1208 4358 1237 4403 lu
1248 4371 1279 4404 es
1289 4363 1371 4405 verba
1386 4361 1432 4405 illa
1439 4393 1444 4413 .
1452 4366 1582 4416 praeser-

343 4431 397 4474 tim
408 4430 578 4484 Ingoisiada'r',
588 4431 655 4476 linea
666 4432 777 4476 obducta
794 4431 935 4476 obliterata
951 4437 1010 4475 suut
1021 4431 1166 4486 etquidem,
1177 4436 1205 4474 ut
1215 4431 1328 4487 videtur,
1345 4435 1379 4476 ab
1395 4433 1451 4487 ipso
1467 4431 1583 4478 Canisio.

387 4503 398 4534 ὅ
427 4501 515 4546 Verba
532 4503 596 4547 ltaec
613 4514 663 4548 non
680 4510 740 4549 suut
757 4502 862 4558 Geniali,
880 4503 925 4547 sed
942 4501 1057 4555 Polaucl.
1075 4503 1117 4557 qui
1133 4514 1166 4548 ea
1181 4503 1321 4556 etquidem
1333 4515 1411 4548 manu
1421 4505 1527 4560 propria
1539 4506 1583 4549 hic

344 4573 456 4618 inseruit
465 4581 493 4618 ut
504 4573 671 4620 canisianum
679 4574 858 4620 narrationem
865 4575 897 4618 ad
909 4575 1034 4628 epistolae
1045 4575 1181 4628 vulgarem
1189 4575 1299 4620 formam
1309 4575 1453 4631 reduceret,
1464 4576 1553 4630 sicque
1565 4589 1583 4620 a

345 4644 461 4690 librariis
472 4646 698 4691 transcriberetur.
