3390 5536
355 511 409 566 4¹5?
761 507 929 567 Lucanae
950 524 1219 576 Quauniutssrnns

354 657 455 718 multi
469 656 626 734 veniunt,
644 665 808 736 paratum
823 673 867 718 ex
883 655 950 718 illis
965 656 1050 736 ipsis
1061 654 1336 718 declamatorem
1352 653 1535 734 babemus,
1548 667 1581 716 et

354 762 446 825 sicut
461 763 568 825 latine
583 763 767 841 hactenuS,
785 763 833 824 ita
848 779 942 826 nunc
957 761 1172 842 germanice,
1187 770 1225 824 ut
1237 761 1492 824 concionentur
1503 761 1580 823 elle-

354 870 484 945 cimus;
501 886 570 950 qua
587 869 728 948 quidem
742 869 996 932 exercitatione
1012 886 1057 931 an
1073 869 1140 932 sibi
1155 869 1271 947 magis
1286 867 1352 948 ipsi
1367 867 1580 948 profecerint

353 991 460 1056 quam
476 976 578 1039 nobis
594 975 815 1039 satisfaciant
831 976 924 1040 baud
943 975 1046 1039 facile
1069 975 1230 1039 dixerim.
1254 973 1359 1038 Certe
1378 973 1424 1037 ad
1444 976 1581 1037 concin-

353 1082 461 1145 nandi
478 1099 605 1146 munus
619 1083 687 1144 hac
703 1083 840 1146 ratione
860 1082 1067 1162 praeparari
1082 1081 1258 1160 videntur,
1274 1089 1314 1144 ut
1328 1081 1358 1145 si
1372 1091 1525 1161 pergant
1547 1083 1578 1143 in

354 1189 421 1252 hoc
442 1189 613 1267 instituto,
636 1188 756 1269 juvati
775 1189 926 1252 fortasse
947 1206 1008 1270 per
1028 1188 1136 1252 hosce
1156 1188 1335 1252 ministros
1354 1189 1584 1267 germanicae

353 1297 489 1376 possint
514 1297 695 1376 ecclesiae,
717 1296 753 1358 in
779 1297 907 1377 quibus
929 1297 1014 1360 boni
1039 1305 1073 1359 et
1095 1296 1154 1359 lidi
1180 1296 1453 1359 concionatores
1478 1313 1583 1376 quam

352 1403 506 1466 maxime
539 1403 796 1466 desiderantur.
827 1403 999 1466 Absoluta
1028 1420 1135 1482 porro
1164 1403 1438 1482 declamatione,
1476 1419 1581 1480 quam

350 1510 441 1588 dixi,
467 1503 612 1574 flectunt
637 1510 756 1573 cuncti
781 1525 914 1589 genua,
941 1511 1000 1589 qui
1020 1527 1234 1588 convenere,
1259 1509 1439 1574 Christum
1460 1525 1586 1594 preca·

352 1615 432 1679 turi.
449 1615 540 1678 Tum
556 1617 712 1696 praelegi
732 1633 898 1679 curamus
913 1617 992 1695 pias
1012 1617 1144 1697 aliquot
1165 1616 1400 1696 precationes
1423 1615 1470 1678 ad
1493 1633 1585 1696 quas

351 1722 565 1804 respondent
580 1724 629 1786 illi
640 1724 808 1787 vicissim.
823 1723 911 1788 Sunt
923 1723 990 1786 hae
1002 1723 1225 1804 precationes
1235 1741 1300 1804 pro
1312 1739 1483 1786 successu
1493 1721 1580 1786 Con·

350 1829 422 1892 cilii
433 1828 641 1905 Tridentini,
658 1847 723 1910 pro
736 1847 824 1909 pace
836 1830 1027 1907 Ecclesiae,
1041 1847 1105 1909 pro
1116 1830 1303 1894 haeresum
1314 1830 1579 1910 exstirpatione

352 1936 511 2000 succedit
526 1935 666 1999 demum
679 1937 822 1999 letania.
840 1937 1014 2000 Mirantur
1026 1935 1104 2016 jure
1123 1936 1280 2000 nonnulli
1294 1937 1354 2016 qui
1367 1936 1429 2000 fiat
1445 1945 1484 2000 ut
1499 1936 1579 2000 Ger·

350 2043 447 2106 mani
464 2043 719 2121 adolescentes,
736 2052 841 2124 atque
857 2043 964 2106 etiam
979 2043 1108 2107 artium
1127 2043 1300 2122 Magistri,
1319 2043 1364 2106 ad
1382 2042 1452 2105 hoc
1475 2043 1579 2124 pieta·

352 2150 398 2212 tis
412 2150 622 2213 exercitium
637 2150 693 2212 vel
708 2151 800 2212 ultro
816 2151 999 2228 accedant,
1015 2151 1155 2230 quando
1170 2151 1204 2214 in
1218 2151 1357 2229 templis
1371 2167 1477 2212 orare
1489 2167 1579 2212 nunc

350 2257 423 2319 fere
438 2255 640 2336 pudendum
654 2256 804 2320 videtur.
823 2255 891 2320 Sed
909 2267 944 2319 et
963 2258 999 2320 in
1021 2257 1186 2336 ecclesia,
1203 2257 1262 2320 ubi
1282 2257 1508 2336 vespertinas
1523 2256 1578 2318 de-

353 2372 501 2426 cantant
525 2363 648 2426 laudes
672 2363 831 2441 studiosi,
857 2380 992 2426 morem
1007 2363 1169 2426 eumdem
1187 2363 1356 2444 precandi
1372 2373 1577 2444 sequuntur.

357 2478 549 2549 praeeunte
564 2485 635 2532 uno
650 2480 853 2536 nostrorum
869 2487 912 2532 ac
927 2479 1113 2550 praesente
1135 2470 1243 2533 totius
1259 2469 1398 2548 collegii
1413 2468 1578 2533 Rectore.

350 2575 471 2656 Neque
490 2576 583 2639 istud
597 2578 710 2640 solum
726 2576 819 2656 apud
834 2576 1010 2640 studiosos
1029 2577 1308 2656 impetravimus,
1325 2593 1451 2639 verum
1472 2577 1575 2639 etiam

350 2683 513 2746 omnibus
533 2683 842 2747 concionatoribus
861 2694 900 2746 ut
920 2685 965 2747 ad
983 2684 1202 2764 precandum
1221 2683 1453 2746 exhortentur
1474 2701 1576 2763 popu:

350 2791 440 2868 lum,
467 2788 544 2852 Deo
564 2788 664 2866 duce,
691 2791 944 2870 persuasimus
966 2790 1078 2868 Igitur
1103 2791 1255 2870 receptis
1275 2789 1395 2852 verbis
1420 2799 1577 2856 utuntur.

349 2896 519 2977 flexisque
547 2897 714 2975 genibus,
738 2896 882 2960 Domini
911 2898 1152 2978 precationem
1179 2899 1306 2960 recitat
1334 2897 1576 2960 concionator.

349 3003 463 3066 Deum
485 3004 633 3083 quisque
656 3013 760 3082 rogat
780 3013 814 3066 et
834 3004 1042 3067 nominatim
1062 3004 1203 3084 quidem
1221 3021 1286 3083 pro
1305 3003 1478 3081 Concili0,
1501 3004 1579 3083 Epi·

348 3111 477 3190 scopiS,
495 3109 723 3190 Imperatore,
740 3109 962 3190 Principibus
977 3119 1011 3173 et
1028 3129 1092 3191 pro
1108 3127 1195 3190 pace
1210 3111 1329 3172 etiam.
1346 3110 1471 3173 Nullus
1491 3110 1577 3173 adeo

348 3225 402 3279 est
417 3217 528 3280 festus
544 3217 635 3294 dieS,
653 3217 777 3279 concio
792 3218 904 3295 nulla,
922 3218 1006 3296 quin
1020 3218 1178 3298 precatio
1198 3218 1333 3280 isthaec
1358 3217 1506 3280 iteretur
1519 3233 1578 3296 pu-

348 3324 448 3387 blice.
465 3322 666 3403 Numquam
677 3323 734 3386 hic
746 3341 824 3386 esse
837 3334 1067 3404 conspectum
1078 3321 1253 3387 affirmant
1264 3331 1301 3386 ut
1313 3323 1579 3386 sacratissimae

348 3431 594 3495 Eucharistiae
609 3439 872 3493 sacramentum
887 3432 1006 3511 plures
1023 3447 1128 3510 quam
1148 3431 1216 3493 hoc
1236 3431 1373 3494 Natalis
1388 3430 1521 3494 Christi
1532 3430 1580 3492 se-

346 3547 402 3599 sto
419 3545 589 3617 peterent,
614 3537 824 3616 praesertim
842 3537 1061 3618 professores
1077 3554 1147 3599 una
1164 3553 1244 3600 cum
1258 3535 1437 3614 studiosis,
1459 3538 1578 3617 quino

345 3642 429 3705 stris
441 3659 460 3704 e
472 3642 634 3705 manibus
645 3659 774 3722 panem
785 3643 883 3706 illum
898 3661 983 3706 vere
996 3645 1184 3706 coelestem
1200 3659 1382 3723 accepere.
1398 3641 1459 3706 Sic
1471 3644 1581 3721 enim,

345 3766 453 3828 quam
468 3757 573 3812 antea
590 3749 830 3828 declaravere,
852 3750 1119 3828 comprobatam
1132 3750 1277 3812 voluere
1292 3765 1395 3812 suam
1408 3766 1497 3828 erga
1512 3769 1579 3813 nos

343 3857 639 3934 benevolentiam,
656 3855 760 3919 fidem
774 3866 809 3919 et
824 3873 979 3920 amorem
998 3856 1225 3935 singularem.
1247 3856 1349 3920 Unde
1369 3856 1459 3920 nibil
1473 3859 1579 3920 mira-

343 3963 460 4027 bimur
474 3963 504 4026 si
519 3972 680 4025 nostrum
695 3962 890 4026 discessum
906 3963 1096 4044 aliquando
1111 3962 1227 4026 serant
1246 3962 1459 4042 aegerrime,
1483 3963 1578 4043 quod

343 4069 496 4132 retinere
510 4087 576 4132 nos
590 4087 635 4131 ex
651 4069 767 4132 animo
781 4068 924 4149 cupiant
938 4069 1106 4132 universi.
1211 4113 1214 4120 -

405 4173 640 4238 Germanicae
656 4175 846 4238 conciones
862 4192 973 4255 meae,
993 4192 1081 4255 quas
1095 4175 1195 4239 festis
1215 4177 1337 4240 diebus
1353 4176 1585 4240 continenter

342 4298 552 4362 prosequor,
570 4300 642 4345 non
657 4283 771 4344 solum
790 4299 885 4345 nunc
907 4283 1152 4362 intelliguntur
1173 4284 1302 4364 magiS,
1323 4301 1450 4348 verum
1470 4285 1580 4348 etiam

342 4398 377 4449 et
402 4388 598 4467 probantur
618 4406 661 4451 eo
682 4389 885 4468 studiosius
907 4388 1001 4469 quod
1025 4407 1216 4454 numeroso
1240 4407 1378 4471 semper
1398 4391 1584 4454 auditorio

341 4495 570 4572 decorentur,
587 4506 624 4558 ut
639 4496 782 4575 plenum
803 4495 925 4558 videre
945 4498 1112 4576 templum
1132 4498 1248 4574 liceat,
1270 4497 1336 4561 etsi
1356 4498 1394 4560 in
1414 4507 1580 4562 extrema

342 4601 499 4664 civitatis
511 4612 613 4680 parte
629 4602 745 4681 situm,
760 4611 793 4665 et
810 4602 905 4682 quod
917 4603 1066 4667 adeatur
1077 4604 1144 4666 hoc
1156 4603 1385 4683 frigidissimo
1401 4613 1583 4682 tempore,

340 4708 436 4788 quod
451 4709 504 4770 eis
517 4725 588 4772 non
602 4725 729 4787 parum
745 4709 1007 4774 incommodum
1022 4711 1180 4791 videtur,
1197 4712 1408 4792 praesertim
1424 4729 1507 4775 cum
1521 4711 1585 4775 dic
