3400 5524
372 461 426 521 ‘232
751 461 923 522 errennn
941 477 1210 532 Quannmesrnes

373 607 440 670 illis
465 606 585 686 datur,
609 615 773 670 currente
795 625 915 670 mense
936 607 1010 688 1110,
1028 607 1191 687 gestandi
1206 608 1428 686 mantellum,
1451 617 1485 669 et
1506 608 1581 670 ince-

373 713 478 778 dendi
492 731 573 777 cum
592 714 730 777 duobus
744 713 941 792 sodalibuS,
962 715 997 778 id
1017 714 1112 796 quod
1131 715 1222 778 citra
1242 713 1441 794 hujusmodi
1464 714 1582 794 dispen-

373 822 530 885 sationes
544 821 688 885 minime
703 821 790 903 ipsis
804 820 922 884 lacere
936 822 1069 886 liceret.
1085 822 1140 886 Ex
1151 839 1220 903 quo
1232 821 1374 902 quidem
1388 838 1493 902 opere
1508 822 1582 883 cedit

374 946 444 992 non
464 929 613 1009 simplex
633 938 693 991 aut
713 928 857 991 minima
882 929 1031 1006 utilitas;
1056 947 1139 994 nam
1159 937 1300 1010 praeter
1316 928 1469 992 fructum
1493 928 1585 991 dicta·

374 1054 459 1112 rum¹
474 1035 783 1113 eleemosinarum,
805 1035 931 1115 quibus
952 1036 1071 1116 inopia
1088 1036 1350 1100 conversarum
1372 1037 1583 1111 succurritur,

373 1142 562 1206 nonnullae
577 1141 659 1204 hinc
678 1142 852 1222 arripiunt
870 1143 1090 1222 propositum
1110 1143 1270 1208 mutandi
1289 1143 1400 1206 vitam
1415 1143 1452 1206 in
1466 1142 1585 1217 melius,

375 1249 410 1312 id
425 1249 519 1329 quod
534 1266 658 1311 verum
672 1248 833 1326 equidem
847 1266 925 1311 esse
947 1249 1103 1330 comperi
1125 1251 1287 1330 exemplo
1307 1249 1504 1312 istiusmodi
1517 1266 1586 1328 qua·
1672 1309 1673 1316 ,

375 1365 454 1419 11101
483 1354 783 1433 muliercularum,
814 1370 905 1435 quae
933 1372 1004 1418 non
1028 1356 1132 1419 modo
1158 1356 1203 1419 ab
1227 1356 1295 1419 isto
1324 1371 1387 1419 suo
1413 1355 1587 1418 damnabili

376 1471 472 1526 statu
486 1479 563 1524 sese
579 1461 799 1538 avulserunt,
817 1478 941 1525 verum
955 1462 1063 1526 etiarn
1074 1462 1221 1526 honesta
1236 1479 1317 1526 cum
1326 1463 1415 1525 viris
1430 1462 1589 1525 connubia
1672 1495 1673 1532 1

376 1569 540 1646 inierunt3
554 1567 648 1647 quod
660 1577 697 1631 ut
708 1568 926 1631 commodius
935 1579 1220 1648 assequerentur,
1231 1568 1449 1647 suffragatae
1457 1577 1534 1632 sunt
1541 1586 1586 1648 pe·

376 1675 502 1738 cuniae
517 1692 562 1737 ex
577 1675 760 1754 praedicta
771 1674 1029 1738 contributione
1044 1692 1222 1740 corrasae.
1236 1675 1353 1740 Audio
1366 1685 1401 1738 et
1415 1675 1590 1738 nonnullas

378 1783 468 1845 alias
482 1782 711 1845 renunciasse
727 1781 821 1844 vitae
836 1782 962 1862 priori,
978 1791 1013 1844 et
1026 1781 1115 1845 alias
1130 1783 1352 1846 continenter
1362 1782 1496 1861 vivere,
1516 1783 1594 1843 alias

377 1889 464 1952 viris
484 1889 657 1968 nupsisse.
680 1887 734 1950 De
753 1888 899 1969 reliquis
915 1887 1036 1968 Jubent
1054 1906 1120 1952 nos
1141 1888 1229 1951 bene
1251 1906 1396 1968 sperare
1411 1888 1534 1951 crebra
1546 1905 1592 1948 su-

380 1996 490 2076 spiria
505 2005 539 2058 et
559 1995 728 2073 gemitus,
750 2012 838 2075 quos
858 1995 1002 2075 energia
1021 1995 1122 2058 verbi
1141 1995 1208 2059 Dei
1227 1995 1389 2059 videmus
1409 2012 1590 2075 erumpere.

440 2099 628 2165 Praeterea
643 2100 822 2166 Sodalitas
836 2120 898 2166 seu
914 2102 1197 2166 Conlraternitas
1216 2101 1463 2180 Notariorum,
1480 2103 1521 2166 de
1534 2119 1592 2180 qua

378 2209 466 2272 alias
481 2209 527 2272 ad
542 2207 628 2272 Ram
644 2208 735 2272 V.⁸m
754 2209 971 2288 scripsimus
989 2209 1091 2288 firma
1105 2210 1279 2290 persistit,
1299 2226 1391 2290 quae
1412 2219 1488 2273 tota
1506 2225 1592 2272 occu-

378 2324 484 2396 patur
505 2316 541 2379 in
560 2334 603 2378 eo
626 2325 662 2379 ut
683 2315 838 2396 quotidie
857 2314 926 2379 duo
947 2317 1086 2380 illorum
1106 2333 1210 2380 mane
1225 2317 1344 2396 semel,
1366 2326 1400 2380 et
1423 2316 1529 2379 semel
1545 2331 1593 2374 re·

377 2438 492 2503 spere,
509 2422 667 2486 infirmos
681 2423 923 2486 incarceratos
938 2422 1081 2486 visitent
1096 2432 1130 2487 et
1142 2423 1185 2486 de
1200 2423 1257 2501 lis,
1275 2440 1365 2503 quae
1377 2421 1424 2486 ad
1434 2423 1596 2485 rationem

377 2529 494 2592 victus
519 2537 554 2591 et
590 2530 845 2593 medicinarum
862 2529 1061 2608 pertinent,
1089 2528 1210 2593 sedulo
1236 2528 1467 2608 provideant;
1491 2545 1596 2592 sacra·

377 2643 497 2700 menta
512 2652 651 2716 quoque
666 2634 898 2700 confessionis
913 2646 949 2699 et
964 2636 1223 2700 communionis
1237 2645 1384 2700 sanctae
1400 2635 1595 2716 tempestive

379 2741 619 2805 administrari
633 2751 835 2822 procurent.
855 2742 934 2806 Hac
954 2742 1174 2806 hebdomada
1190 2744 1269 2806 11105
1281 2742 1356 2823 jam
1374 2743 1490 2806 dictos
1503 2741 1597 2816 Nota·

376 2849 452 2912 rios
466 2850 617 2912 conveni
631 2858 736 2930 atque
751 2850 918 2912 admonui
932 2850 1016 2914 utile
1031 2849 1107 2914 fore
1125 2850 1156 2914 si
1167 2850 1259 2914 inter
1277 2866 1315 2914 se
1333 2849 1516 2930 capitatim
1535 2865 1597 2910 cer·

378 2963 451 3020 tam
466 2964 588 3019 taxant
602 2973 644 3018 ac
659 2972 834 3020 summam
847 2947 1018 3036 pecuniae
1034 2957 1304 3034 constituerent;
1317 2956 1413 3037 quod
1424 2955 1599 3018 consilium

378 3061 445 3126 illis
460 3061 568 3125 luisse
583 3062 680 3126 cordi
695 3061 852 3142 videtur,
869 3079 950 3125 cum
969 3062 1145 3141 nonnulli,
1167 3064 1242 3126 suis
1260 3062 1462 3126 nominibus
1477 3062 1601 3139 scripto

376 3168 533 3248 1111111115,
550 3165 624 3247 jam
649 3178 834 3232 numerent
859 3169 917 3231 hic
937 3177 1090 3248 quatuor
1109 3181 1252 3232 tarenos
1270 3167 1291 3248 ¹,
1312 3167 1370 3232 ille
1391 3176 1465 3232 tres
1487 3185 1600 3232 mense

381 3275 536 3354 singulo,
554 3285 588 3338 et
601 3277 669 3338 hac
684 3275 915 3354 eleemosina,
931 3293 1021 3355 quae
1043 3275 1089 3338 ad
1107 3291 1283 3340 summam
1297 3285 1442 3340 centum
1456 3285 1600 3338 scutato·

375 3398 456 3446 rum
469 3391 502 3445 et
517 3399 559 3444 eo
575 3382 736 3462 amplius
753 3382 805 3445 uti
819 3391 994 3463 speratur,
1007 3391 1182 3461 assurget,
1200 3399 1369 3462 magnum
1384 3381 1602 3462 refrigerium

378 3488 615 3565 praestabitur
629 3488 768 3552 miseris
782 3488 852 3552 illis
864 3487 950 3569 Jesu
964 3487 1046 3568 Xpi.
1063 3488 1243 3564 membris.
1673 3555 1674 3564 ,

438 3593 685 3674 Superioribus
707 3594 841 3674 diebuS,
859 3603 1000 3658 mortua
1014 3594 1206 3658 Abbatissa
1227 3593 1412 3675 cujusdam
1434 3605 1603 3658 monaste·
1673 3681 1674 3684 Ἴ

379 3700 422 3763 111
437 3701 481 3764 de
495 3700 672 3780 Conillon,
689 3702 863 3766 dioecesis
878 3701 958 3765 R.²¹²i
974 3701 1080 3766 Card.
1097 3703 1270 3782 Famesii,
1287 3719 1343 3766 me
1363 3703 1493 3766 obnixe
1507 3717 1606 3780 roga-

382 3807 431 3871 vit
446 3808 670 3872 Gubernator
686 3807 950 3887 Montisregalis
971 3817 1009 3872 ut
1029 3809 1074 3872 ad
1094 3825 1174 3873 eum
1194 3811 1312 3873 locum
1326 3827 1381 3873 me
1399 3809 1604 3877 conferrem.

380 3930 450 3993 quo
463 3931 525 3994 per
541 3915 637 3977 viam
653 3916 846 3979 canonicae
862 3915 1042 3978 electionis
1057 3914 1127 3978 alia
1138 3916 1174 3979 in
1185 3917 1303 3978 locum
1314 3917 1521 3980 demortuae
1536 3932 1606 3978 sur-

382 4029 580 4099 rogaretur.
597 4019 779 4085 Profectus
793 4039 871 4086 sum
883 4021 990 4101 igitur
1002 4069 1009 4100 ,
1023 4031 1057 4086 et
1066 4023 1269 4102 praesentia
1280 4039 1360 4087 mea
1374 4022 1544 4104 impedita
1559 4035 1607 4084 est

381 4135 478 4189 certo
492 4125 610 4190 futura
624 4128 749 4190 electio
765 4126 949 4208 cujusdam
967 4126 1178 4207 juvenculae
1203 4129 1361 4194 nondum
1377 4137 1496 4192 aetate
1511 4147 1608 4194 exce·

381 4231 495 4296 dentis
509 4251 643 4298 annum
657 4233 766 4298 XXII.
789 4235 826 4300 ln
842 4235 935 4300 hanc
960 4233 1064 4298 lavor
1075 4253 1164 4316 pene
1185 4236 1341 4299 omnium
1361 4235 1609 4312 inclinabatur,

382 4339 475 4420 quod
489 4341 618 4403 multas
634 4358 719 4422 opes
733 4341 958 4421 importasset
973 4343 1200 4405 monasterio.
1215 4341 1283 4407 Pro
1295 4342 1496 4406 indubitato
1510 4343 1611 4408 habe-

387 4509 602 4540 ..ιιι-ι,-

425 4616 433 4648 ¹
469 4615 577 4668 Tareno,
588 4617 719 4670 hispanice
731 4619 814 4669 turin,
824 4629 941 4662 nummus
951 4624 1008 4661 erat
1020 4627 1166 4670 argenteus.
1176 4619 1247 4672 1111115
1259 4621 1333 4662 valor
1341 4627 1452 4673 quartae
1461 4623 1530 4676 parti
1541 4635 1614 4665 umus

384 4685 447 4737 lira,
452 4685 545 4742 franc,
553 4692 656 4742 pescia,
667 4689 858 4742 aequivalebnt.
