3378 5530
738 541 800 601 L1r
807 557 910 600 rnaaa
928 557 1198 609 ouanatussraus

637 899 849 946 Praecedentium
864 900 970 946 Roberti
989 899 1134 957 Clayssouli
1149 902 1297 944 litterarum

772 983 788 1016 ι
803 971 831 1017 P.
847 972 959 1017 Polanco
970 973 1163 1016 emendaturum

723 1045 867 1099 exemplum
879 1045 905 1088 in
914 1043 1067 1098 Hispaniam
1077 1045 1181 1088 missum
1192 1043 1210 1086 θ.

931 1277 1005 1395 uis

413 1546 537 1611 Gratia
553 1555 587 1608 et
602 1563 673 1626 pax
688 1544 829 1608 Domini
845 1545 958 1608 nostri
972 1545 1056 1627 Jesu
1071 1543 1203 1608 Christi
1218 1554 1285 1607 etc.
1306 1535 1313 1550 ’

412 1651 489 1718 Rae
508 1654 544 1716 iu
559 1653 651 1733 Xpo.
668 1651 790 1715 Pater:

414 1761 461 1825 Ut
484 1761 603 1841 aliqua
627 1761 664 1823 in
687 1767 788 1839 parte
808 1761 935 1822 saltem
954 1758 1104 1822 satisfiat
1130 1759 1349 1822 obedientiae
1370 1767 1519 1822 sanctae
1546 1757 1586 1820 de

352 1867 618 1932 conscribendis
629 1867 675 1930 ad
686 1883 753 1929 vos
763 1867 890 1930 litteris
901 1865 1042 1945 singulo
1052 1866 1312 1946 quadrimestri,
1322 1881 1390 1944 ego
1403 1865 1448 1928 ob
1461 1865 1584 1928 adver·

353 1992 430 2038 sam
453 1974 693 2036 valetudinem
718 1971 833 2035 Patris
858 1973 973 2036 nostri
999 1973 1179 2053 Baptistae
1204 1972 1345 2036 Violaei
1365 1979 1400 2035 et
1421 1972 1584 2048 aliorum,

353 2081 479 2160 quibus
493 2081 582 2142 haec
596 2079 721 2143 fuisset
741 2079 1101 2158 commendatum,
1125 2078 1303 2144 scribendi
1321 2095 1410 2142 onus
1429 2079 1585 2156 suscepi.

353 2186 527 2267 Quoniam
542 2204 629 2249 vero
644 2203 716 2248 non
738 2185 872 2263 omnia,
889 2202 980 2266 quae
994 2195 1096 2265 gesta
1111 2195 1206 2266 sunt,
1221 2185 1403 2266 sigillatim
1422 2185 1524 2264 novi,
1544 2187 1585 2246 de

354 2295 471 2358 multis
486 2311 599 2373 pauca
614 2292 783 2370 reseram;
798 2292 950 2372 illudque
962 2292 1116 2372 primurn
1127 2293 1222 2373 quod
1232 2291 1371 2356 Rev.<lus
1387 2291 1586 2372 Episcopus

353 2399 655 2464 Claramontensis
669 2399 832 2480 promisit
853 2415 890 2462 se
906 2399 1073 2462 daturum
1087 2398 1230 2464 domum
1245 2397 1414 2463 Societati
1428 2399 1537 2462 sitam
1552 2401 1586 2462 in

353 2508 439 2570 urbe
455 2507 604 2585 Biliomi,
623 2523 714 2586 quae
733 2506 817 2569 urbs
836 2513 944 2569 estet
966 2505 1183 2590 universitas
1205 2507 1241 2569 in
1260 2505 1456 2586 Auvernia,
1480 2506 1586 2569 modo

355 2613 393 2676 P.
410 2613 449 2676 T.
467 2613 603 2694 aliquos
619 2631 664 2676 ex
677 2613 844 2676 fratribus
861 2613 947 2675 velit
961 2630 1004 2676 eo
1025 2613 1180 2692 mittere,
1202 2613 1410 2693 promittens
1428 2613 1583 2688 interim.

357 2721 439 2783 dum
454 2719 539 2782 urbs
555 2721 632 2799 ipsa
647 2719 797 2798 collegio
811 2719 1007 2799 providerit
1021 2719 1065 2783 de
1079 2720 1302 2798 necessariis
1324 2738 1362 2783 se
1378 2720 1447 2783 illis
1466 2721 1586 2784 omnia

358 2826 674 2908 suppeditaturum.
701 2826 739 2888 P.
766 2825 927 2906 Baptista
952 2826 1037 2905 quid
1062 2826 1262 2890 faciendum
1282 2844 1325 2890 ea
1350 2827 1444 2890 inre
1469 2828 1587 2890 abste

356 2951 462 2998 nosse
477 2934 584 3014 cupit.

414 3041 539 3106 Invisit
553 3057 618 3104 nos
634 3039 727 3103 idem
741 3038 940 3120 Episcopus
958 3040 1023 3102 sub
1043 3040 1170 3104 festum
1189 3039 1422 3104 Ascensionis
1440 3039 1585 3104 Domini

354 3165 397 3210 ac
410 3164 475 3227 per
486 3148 612 3210 horam
623 3163 704 3209 cum
715 3145 860 3209 dimidia
872 3148 1072 3226 alloquutus
1084 3155 1138 3210 est
1148 3146 1291 3210 Patrem
1302 3147 1502 3228 Baptistam
1512 3157 1586 3209 tam

352 3253 396 3318 de
408 3254 473 3334 his¹
488 3253 627 3333 quaein
638 3253 806 3316 universa
817 3250 1005 3332 Societate‚
1019 3254 1181 3332 quamde
1193 3253 1259 3328 his,
1273 3270 1364 3334 quae
1376 3254 1583 3318 adsalutem

355 3370 389 3424 et
405 3359 688 3425 aedificationem
702 3359 842 3422 animae
857 3375 943 3422 suae
962 3359 1108 3423 faciunt.
1128 3358 1260 3424 Omnes
1280 3359 1450 3440 epistolas
1469 3357 1586 3424 Socie·

354 3469 438 3531 tatis
453 3476 608 3545 nostrae,
626 3483 716 3547 quae
732 3466 778 3528 ad
792 3483 858 3529 nos
873 3465 1090 3543 deferuntur,
1109 3466 1245 3546 primus
1259 3467 1346 3547 petit
1361 3475 1396 3529 et
1410 3465 1586 3546 benignis·

353 3574 442 3638 sime
461 3573 593 3653 excipit
608 3571 775 3653 jubetque
791 3591 854 3653 per
874 3574 1091 3636 sacellanum
1107 3589 1209 3636 suum
1223 3573 1259 3635 in
1279 3574 1447 3637 volumen
1460 3572 1585 3652 redigi,

354 3681 460 3761 quod,
477 3681 512 3743 ni
527 3680 643 3758 fallor,
661 3679 820 3742 excrevit
840 3679 877 3742 in
893 3679 1173 3760 magnitudinem
1196 3680 1426 3758 epistolarum
1448 3679 1587 3744 Cicero·

355 3788 411 3850 nis
425 3787 665 3850 familiarium.

416 3892 574 3958 Clericus
589 3891 775 3972 cujusdam
790 3893 998 3973 consiliarii,
1013 3895 1070 3958 cui
1085 3895 1268 3974 negotium
1282 3895 1460 3975 privilegii
1474 3895 1588 3958 nostri

356 4001 584 4065 commissum
604 4000 732 4078 fuerat,
754 4000 815 4063 ubi
835 4001 987 4080 perlegit
1000 4001 1200 4066 institutum
1222 4000 1412 4066 Societatis
1430 4010 1587 4080 nostrae,

355 4125 421 4171 nos
445 4107 548 4170 unice
575 4105 698 4170 dilexit
723 4106 813 4169 adeo
841 4115 879 4169 ut
908 4108 1051 4170 omnino
1077 4108 1204 4187 spiritu
1233 4106 1421 4171 Societatis
1444 4118 1589 4172 nostrae

357 4213 439 4277 duci
459 4212 634 4276 videatur.
656 4213 689 4276 Is
715 4211 816 4276 brevi
835 4213 1004 4276 exercitia
1030 4214 1268 4293 aggredietur.
1294 4214 1528 4278 Tantumdem
1555 4225 1590 4278 et

358 4319 458 4398 alius,
476 4336 581 4398 quem
596 4318 671 4399 ipse
687 4318 722 4382 in
741 4318 1020 4383 familiaritatem
1040 4330 1202 4383 nostram
1223 4321 1348 4400 traxit;
1366 4322 1425 4384 ubi
1447 4321 1591 4402 quidde

358 4425 443 4505 ipsis
459 4424 632 4488 Dominus
647 4424 812 4504 disponat
832 4425 1039 4489 videbimus.
1056 4425 1208 4506 Quidam
1223 4427 1315 4490 alius
1326 4425 1467 4506 juvenis
1488 4445 1591 4490 exer·

357 4531 442 4594 citia
456 4531 550 4610 iecit,
566 4531 626 4611 qui
638 4531 675 4594 in
687 4531 738 4594 eis
749 4532 921 4595 intellexit
935 4551 957 4595 a
972 4533 1077 4597 Chro.
1091 4551 1129 4597 se
1141 4535 1185 4596 ab
1201 4533 1268 4596 hoc
1283 4533 1416 4597 mundo
1429 4537 1590 4598 avocari.

399 4771 407 4802 ¹
437 4768 498 4814 cod.
510 4769 570 4822 1551,
582 4771 624 4814 iol.
637 4771 662 4814 19
670 4771 711 4814 v.⁰
721 4775 748 4814 et
758 4771 793 4814 20.
