3462 5534
343 481 397 540 unt
728 479 899 538 Larentia
918 493 1189 548 qunonrussruas

343 629 502 694 habitum
519 628 602 690 'esse
622 626 873 690 scholasticum
892 633 926 688 et
946 625 1162 688 clericalem:
1189 633 1222 688 et
1248 636 1285 689 ut
1308 643 1353 689 ex
1374 626 1466 690 facie
1491 629 1567 692 licet

343 735 534 816 conjicere,
551 751 699 814 vagum,
716 735 791 814 qui,
808 743 845 796 ut
862 733 905 796 ab
920 732 996 812 ipso
1012 732 1162 810 audivit,
1178 749 1273 796 nunc
1292 733 1446 814 primum
1460 735 1570 798 initia-

342 852 399 906 tus
414 852 468 906 est
488 841 704 904 dialecticae.¹

401 948 440 1012 P.
463 948 640 1028 Baptista,
663 947 718 1009 his
733 946 935 1020 intellectis,
956 947 1066 1008 multa
1091 947 1209 1010 animo
1235 948 1400 1024 volvenS,
1424 950 1568 1024 scilicet,

341 1065 513 1137 quantum
527 1055 740 1118 incommodi
754 1063 875 1134 posset
887 1053 944 1116 hic
957 1050 1098 1131 juvenis
1112 1054 1215 1117 nobis
1230 1053 1371 1118 adferre
1385 1064 1420 1118 et
1435 1064 1567 1136 pertur-

341 1163 512 1239 bationiS,
531 1161 694 1242 quodque
709 1179 750 1224 ea
766 1160 808 1223 de
824 1177 934 1224 causa
954 1179 973 1222 e
992 1160 1151 1239 Collegio
1165 1160 1486 1240 Longobardorum
1504 1165 1569 1228 dis·

342 1271 514 1334 cessimus
529 1279 566 1332 ut
582 1269 646 1331 soli
662 1284 819 1330 essemus
833 1277 867 1330 et
883 1267 1006 1348 quieti,
1023 1257 1186 1347 quodque
1194 1268 1318 1332 aditus
1332 1269 1437 1332 unius
1452 1288 1570 1334 mona-

342 1377 400 1440 chi
415 1375 539 1458 p'osset
554 1373 777 1438 introducere
798 1375 927 1437 multos
946 1374 1049 1448 alios
1071 1392 1180 1454 quum
1193 1376 1311 1455 ampla
1332 1376 1376 1438 sit
1397 1376 1523 1440 domus
1537 1387 1569 1440 et

339 1501 406 1546 nos
417 1484 532 1564 pauci,
547 1481 707 1562 quodque
718 1481 776 1544 hic
786 1481 982 1545 monachus
993 1480 1053 1544 diu
1063 1481 1245 1544 nobiscum
1260 1499 1338 1545 esse
1353 1483 1495 1547 deberet
1511 1501 1568 1546 an·

339 1601 483 1671 tequam
497 1589 689 1652 absolverit
708 1588 949 1668 philosophiae
971 1597 1005 1650 et
1020 1587 1220 1666 theologiae
1242 1605 1383 1668 eursuS,
1408 1589 1567 1670 quodque

339 1699 375 1760 iu
389 1699 488 1762 victu
506 1683 711 1777 quotidiano
732 1704 767 1758 et
791 1693 989 1758 obedientia
1009 1693 1140 1757 diversi
1159 1694 1309 1758 instituti
1328 1697 1490 1760 homines
1508 1698 1569 1761 vix

339 1805 532 1867 con-venire
560 1803 714 1884 possint,
738 1802 964 1882 quantumvis
989 1801 1156 1876 modesti,
1183 1812 1315 1882 quanto
1341 1821 1430 1865 vero
1455 1803 1568 1868 minus

339 1911 397 1974 hic
412 1911 472 1991 qui
487 1908 703 1990 depravatus
717 1917 771 1970 est
786 1907 960 1970 moribus?
976 1905 1077 1970 Adde
1097 1908 1190 1986 quod
1209 1908 1276 1971 hoc
1291 1913 1364 1973 non
1379 1910 1566 1973 conveniat

338 2015 499 2080 instituto
518 2025 641 2079 nostro
662 2025 699 2077 ut
722 2031 844 2076 curam
863 2014 1057 2076 habeamus
1075 2013 1216 2093 juvenis
1238 2015 1384 2079 alterius
1406 2016 1565 2080 instituti.

338 2124 394 2187 Ab
418 2125 530 2186 altera
544 2139 631 2185 vero
654 2129 755 2200 parte
778 2129 896 2183 mente
918 2120 1095 2198 agitabat,
1123 2120 1421 2200 quemadmodum
1441 2132 1477 2185 et
1497 2123 1566 2203 qui·

337 2231 420 2293 dam
448 2227 600 2306 Doctor,
636 2227 771 2289 amicus
799 2223 988 2290 Societatis
1021 2235 1183 2304 nostrae,
1220 2227 1491 2308 superveniens,
1520 2230 1568 2292 illi

337 2337 444 2414 dixit,
465 2336 557 2398 sorte
578 2335 758 2397 dominum
779 2334 903 2397 domus
923 2333 1006 2396 hinc
1026 2351 1196 2413 quaerere
1216 2335 1441 2399 occasionem
1462 2346 1517 2414 ut,
1538 2337 1566 2398 si

338 2459 404 2506 nos
418 2441 624 2518 renuamus
641 2441 724 2504 hinc
736 2457 801 2503 nos
814 2440 952 2518 abigat,
970 2449 1007 2502 ut
1021 2441 1057 2502 in
1071 2441 1315 2504 locumnostri
1328 2452 1439 2522 ponat
1452 2441 1564 2522 hujus·

337 2547 476 2618 cemodi
496 2547 690 2611 monachos
715 2546 889 2610 'Abbatiae
912 2563 1006 2609 suae.
1029 2545 1136 2610 Forte
1155 2547 1249 2610 enim
1268 2548 1364 2627 piget
1387 2567 1469 2612 eum
1491 2567 1565 2630 pro-

337 2656 515 2720 missionis
538 2654 611 2734 jam
636 2654 768 2734 factae,
792 2670 898 2734 quum
922 2653 1016 2716 enim
1040 2653 1129 2716 sciat
1150 2671 1215 2717 nos
1243 2655 1373 2718 nemini
1400 2673 1563 2736 unquam,

335 2763 499 2844 quamvis
533 2761 565 2824 ei
601 2759 804 2838 conjuncto,
838 2759 992 2822 familiae
1025 2768 1168 2824 nostrae
1196 2761 1414 2824 consortium
1442 2764 1565 2842 permi-

335 2867 440 2948 sisse,
459 2869 622 2946 cogitans
642 2864 736 2947 quod
755 2867 865 2929 multo
884 2866 1001 2929 minus
1020 2865 1101 2929 huic
1124 2867 1301 2928 monacho
1321 2869 1564 2947 permittamus

333 2975 402 3039 hoc
417 2976 546 3056 ipsum,
568 2974 675 3052 sorte,
696 2983 735 3036 ut
754 2972 843 3050 dixi,
870 2972 1007 3052 quaerit
1032 2973 1278 3051 occasionem;
1305 2975 1470 3053 quamvis
1495 2993 1563 3038 non

334 3082 464 3146 audeat
478 3082 546 3145 hoc
561 3080 667 3144 Pater
682 3091 800 3144 noster
815 3089 946 3143 temere
957 3089 1128 3143 asserere.

393 3187 589 3269 Respondit
605 3196 723 3251 autem
736 3185 884 3249 Doctori
900 3186 934 3248 in
949 3186 1041 3249 hanc
1062 3186 1288 3265 sententiam,
1307 3187 1470 3250 nesciens
1491 3197 1562 3252 tam

332 3295 432 3358 brevi
454 3297 610 3374 tempore
630 3293 714 3375 quid
734 3292 951 3356 commodius
970 3292 1214 3372 responderet,
1241 3311 1279 3356 se
1299 3293 1440 3373 quidem
1460 3311 1560 3374 para·

332 3402 507 3478 tissimum
522 3418 601 3464 esse
617 3401 760 3464 domino
780 3417 843 3462 suo
859 3409 893 3462 et
914 3399 981 3462 sibi
999 3398 1205 3462 satisfacere
1219 3399 1256 3462 in
1276 3401 1455 3480 omnibus,
1473 3420 1562 3482 quae

331 3518 467 3588 posset,
485 3525 610 3570 verum
628 3507 696 3570 tria
712 3507 869 3585 obstare,
888 3506 932 3568 ob
948 3523 1038 3586 quae
1052 3506 1168 3569 minus
1188 3517 1308 3586 posset
1326 3508 1416 3570 certi
1432 3507 1561 3589 aliquid

331 3615 556 3696 respondere.
584 3613 651 3677 Pa
673 3613 765 3692 quod
787 3613 832 3676 sit
856 3613 1005 3676 instituti
1026 3613 1139 3676 nostri
1159 3613 1336 3680 nemiuem
1359 3613 1560 3690 admittere,

331 3721 437 3784 etiarn
463 3739 571 3785 unum
596 3738 615 3782 e
641 3721 774 3799 nostris
798 3718 927 3799 alioqui
952 3718 1123 3794 futurum,
1150 3719 1210 3798 qui
1231 3720 1339 3782 semel
1363 3721 1560 3799 gestaverit

331 3837 391 3890 aut
410 3837 524 3907 gestet
545 3827 705 3890 habitum
728 3826 873 3890 alterius
894 3824 1136 3906 professionis;
1161 3835 1293 3905 quanto
1316 3823 1423 3904 igitur
1446 3827 1563 3890 minus

330 3934 569 3998 admittendus
592 3942 685 3997 esset
710 3932 853 3997 tandem
877 3932 1083 4000 abiturusa
1107 3932 1234 3994 nobis?
1252 3931 1329 3996 Hoc
1355 3943 1473 3996 autem
1491 3951 1560 3996 non

330 4040 460 4104 audere
476 4058 513 4103 se
529 4039 723 4120 infringere
739 4040 814 4102 sine
835 4037 1034 4120 Superioris
1055 4055 1229 4102 consensu
1250 4047 1284 4102 et
1307 4039 1485 4104 mandato.
1503 4039 1559 4103 Se·

330 4148 501 4226 cundum,
528 4147 622 4228 quod
641 4146 699 4210 hic
720 4146 928 4226 parcissime
942 4147 1152 4211 ¹viveremus
1174 4155 1208 4214 et
1230 4145 1329 4225 quod·
1342 4163 1449 4226 saepe
1469 4155 1559 4212 esset

329 4255 400 4324 olla
414 4255 490 4334 igni
511 4253 737 4334 apponenda,
755 4253 885 4332 alioqui
907 4269 978 4315 non
998 4251 1222 4333 apponenda,
1247 4260 1391 4333 propter
1403 4269 1486 4316 eum
1502 4253 1558 4332 qui

329 4361 435 4430 babet
450 4360 548 4422 unde'
562 4359 754 4424 commode·
767 4359 882 4436 vivat,
906 4357 935 4424 si
952 4358 1085 4426 cadem·
1101 4357 1281 4424 inmensa
1300 4358 1484 4422 nobiscum
1503 4371 1555 4420 cor

329 4467 507 4544 meder'e't;2
517 4469 608 4547 qu'ae
623 4483 681 4530 res
693 4465 830 4546 'faceret
844 4477 882 4531 ut
898 4465 1141 4544 subigeremus
1160 4481 1227 4529 nos
1241 4477 1556 4550 expensae,'quam

328 4574 447 4637 facere
471 4589 543 4636 non
568 4589 762 4652 possemus.
790 4571 962 4651 Tertium,
990 4571 1185 4652 quodcum
1210 4573 1503 4636 monachus-hio---
1513 4570 1555 4634 sit

328 4679 504 4761 inquietus
526 4679 798 4762 et.2dissolutus„.
815 4677 922 4766 faqile
937 4679 1159 4758 perturbaret
1181 4697 1246 4742 nos
1271 4696 1410 4758 omnes,
1436 4679 1496 4759 qui
1520 4679 1555 4742 in
