935 1458
368 185 400 200 Au.
411 185 446 200 1552
687 186 715 201 ⁶99

99 226 130 237 ras
142 224 202 238 autern
215 222 338 239 conclusiones
350 222 452 242 saepissime
465 222 557 238 defensare
571 223 659 242 cogimur,
673 223 714 242 quia

98 253 134 264 non
144 253 210 269 magna
218 251 244 265 est
252 249 413 269 condiscipulorum
421 249 519 265 multitudo.

128 275 182 291 Pater
192 275 277 291 Melchior
288 275 373 292 Carneiro
384 276 401 292 iu
412 276 464 292 vinea
474 276 545 292 Domini
553 280 585 296 pro
593 276 660 292 viribus
667 276 715 291 labo—

99 305 134 322 rat,
144 305 206 322 atque,
214 302 286 318 favente
297 302 383 322 Domino,
395 303 449 318 multo
460 302 516 322 major
527 303 545 318 in
556 303 593 318 dies
601 303 669 318 fructus
676 307 714 318 suc-

100 329 171 345 crescit>
180 329 199 345 in
207 329 241 345 hac
249 329 387 349 quadragesima
396 334 436 345 cum
446 334 482 345 non
491 330 556 349 exigua
564 329 663 345 animarum
670 329 714 345 utili-

99 358 135 371 tate
144 356 262 372 concionatus
270 358 306 375 est,
314 356 338 371 ita
346 358 405 372 tamen
415 356 530 372 concionibus
539 356 657 375 deserviebat,
666 358 684 371 ut
692 356 715 371 ab

99 382 193 398 audiendis
201 382 341 398 confessionibus
350 387 385 398 non
393 385 479 402 cessaret,
490 387 555 403 neque,
564 383 578 398 si
586 383 646 402 vellet,
655 383 714 401 credo.

98 409 190 429 potuisset.
199 409 275 425 Tantum
283 409 329 425 enim
340 410 395 425 animi
404 409 487 425 affectum
497 410 543 429 gerit
553 409 582 425 hic
589 410 664 429 populus
671 413 715 429 erga

99 436 217 455 Societatem,
225 439 243 452 ut
251 436 305 452 etiam
313 436 387 452 invitum
393 436 416 452 ad
422 436 535 456 audiendum,
544 439 563 452 ut
570 436 648 456 videtur,
657 439 715 452 essent

99 463 212 482 pertracturi.

132 489 231 505 Transacta
244 490 389 510 quadragesima,
402 490 506 505 existimans
518 489 603 509 majorem
616 490 715 505 animarum

99 516 193 532 utilitatem
201 519 315 536 sequuturam
321 529 325 536 ,
332 516 346 532 si
353 519 400 532 totus
405 521 424 532 se
430 516 571 532 confessionibus
578 516 649 532 dederet
656 517 715 535 (abun-

100 543 131 558 dat
140 543 187 558 enim
195 543 239 558 haec
247 543 312 559 civitas
320 543 483 562 concionatoribus,
494 543 643 559 confessariorum
650 546 716 562 nutem,

100 569 131 589 qui
144 570 162 585 id
174 574 238 585 munus
251 570 304 589 digne
318 572 438 590 exequantur,
451 574 516 589 magna
530 570 588 590 inopia
601 572 635 588 est,
648 570 663 585 si
676 574 717 585 curn

100 600 164 612 eorum
174 600 248 612 numero
259 599 378 616 comparetur,
390 596 419 617 qui
430 601 440 612 a
451 597 567 612 sacramentis
575 597 668 612 vulnerum
677 601 716 612 suo-

100 627 141 639 rum
149 623 246 639 remedium
254 623 353 643 expetunt),
362 623 477 639 concionibus
484 623 558 642 relictis,
567 623 589 639 nd
597 623 718 639 consessiones

102 650 201 666 audiendas
211 654 230 665 se
241 652 297 665 totum
305 650 398 665 convertit.
411 650 472 669 Itaque
482 650 499 665 in
509 650 584 666 eeclesia
592 649 663 669 majori,
671 654 716 670 quae

102 681 158 697 prope
171 679 207 696 est,
218 676 296 697 quotidie
308 679 344 692 tam
355 681 407 692 mnne
420 681 473 696 quam
484 681 557 697 vespere
569 676 648 696 sedebat,
663 677 716 692 veluti

100 706 142 719 ante
157 703 312 723 quadragesimam
325 703 384 719 facere
398 706 523 723 consueverat,
537 704 582 719 unde
597 703 633 719 fere
647 707 717 723 semper

101 732 193 746 transacto
203 730 273 750 prandii
284 733 363 750 tempore
375 730 397 745 ad
410 730 504 750 prandium
514 731 602 746 veniebat
615 730 716 750 Cogebatur

88 760 160 778 ,tumen
173 757 269 777 aliquando
282 757 342 773 sedem
355 757 372 772 in
386 757 461 772 ecclesia
472 756 535 776 majori
548 757 570 773 ad
583 759 652 777 tempus
665 757 716 772 relin-

100 788 163 803 quere,
176 786 195 799 ut
208 784 304 799 multarum
316 784 399 799 nobilium
412 786 534 799 matronarum
546 784 659 803 petitionibus
671 784 716 799 satis

100 810 176 830 faceret,
186 810 306 826 confessiones
316 815 357 826 suas
369 810 390 826 ab
400 811 439 830 ipso
450 810 506 826 audiri
516 811 654 830 postulantibus,
663 815 715 830 quae,

99 837 127 853 vel
141 840 214 857 propter
227 837 321 853 adversam
332 837 459 856 valetudinem,
474 838 502 852 vel
515 837 559 852 alias
571 837 594 852 ob
606 841 678 856 causus,
692 837 714 852 ad

99 864 198 880 ecclesiam
208 868 295 880 summam
306 864 367 880 venire
376 868 411 879 uon
422 867 510 884 poterant.
521 864 559 879 Hac
570 864 588 879 in
599 868 618 880 re
629 864 716 879 hactenus

99 891 232 910 perseveravit,
241 893 258 906 et
266 891 319 906 semel
330 893 398 906 tantum
409 893 449 910 post
458 890 613 911 quadragesimam
621 890 714 906 conciona-

99 920 128 933 tus
137 920 171 936 est,
183 917 296 937 petitionibus
304 917 420 937 quarumdam
427 917 530 933 monialium
539 919 652 937 provocatus.
662 917 716 932 Modo

99 946 118 959 ut
129 944 185 959 etiarn
195 944 216 959 iis
227 944 348 963 satisfaceret,
360 944 389 964 qui
400 944 421 959 ab
432 948 452 960 eo
463 944 526 960 instrui
535 944 553 959 in
562 944 642 959 oratione
649 946 666 959 et
675 948 715 959 san>

99 971 134 986 otis
142 971 231 986 exercitiis
239 971 347 990 desiderant,
356 973 425 991 tempus
432 971 503 991 quidem
510 971 615 986 matutinum
621 970 639 986 in
644 970 715 986 audien-

99 997 127 1012 dis
140 997 280 1013 confessionibus
294 998 311 1013 in
324 997 421 1013 cathedrali
434 998 509 1013 ecclesia
522 997 617 1013 consumit:
631 997 715 1017 vesperti-

99 1028 142 1039 num
150 1026 209 1039 autern
217 1024 234 1039 in
242 1024 334 1040 audiendis
341 1024 481 1040 confessionibus
488 1024 593 1044 aliquorum,
601 1024 637 1044 qui,
645 1026 664 1039 ut
671 1023 715 1043 dixi,

99 1050 122 1066 ad
130 1055 171 1066 enm
181 1051 274 1066 ecclesiam
285 1051 346 1066 venire
356 1054 453 1071 nequeunt,
465 1054 483 1066 et
494 1051 511 1066 in
522 1051 626 1066 exercendis
637 1053 689 1070 atque
697 1050 715 1065 in

100 1077 181 1093 oratione
189 1077 296 1093 instruendis
303 1078 390 1097 proximis
398 1078 474 1094 tribuere
484 1077 568 1093 decrevit.
579 1077 629 1097 Quod
639 1080 715 1096 tempus,

95 1106 118 1119 *ut
131 1104 185 1119 credo
197 1103 254 1124 [nonP]
264 1104 345 1123 sufficiet,
357 1105 372 1120 si
382 1105 467 1123 omnium,
478 1105 507 1124 qui
518 1104 535 1120 id
546 1107 615 1124 petunt,
628 1103 715 1119 desidetia

99 1131 203 1150 expleturus
210 1131 238 1146 sit⁴

130 1157 146 1173 Α
157 1157 214 1173 tribus
224 1158 337 1174 monasteriis
347 1158 449 1174 monialium
460 1158 557 1174 accersitus
567 1160 602 1176 est,
611 1162 656 1177 quae
664 1157 686 1173 ab
693 1161 716 1172 eo

100 1184 118 1199 in
126 1184 206 1200 oratione
214 1185 277 1200 instrui
288 1185 365 1205 cupiunt.
374 1184 393 1200 In
401 1189 436 1200 uuo
446 1189 507 1200 eorum
517 1185 593 1204 fructus,
601 1184 672 1199 favente
680 1183 715 1199 Do-

99 1211 156 1230 mino,
164 1215 200 1226 non
212 1211 308 1227 mediocris
318 1212 376 1232 coepit
384 1216 482 1231 emergere,
494 1214 579 1232 quantum
589 1215 611 1226 cx
621 1210 714 1226 mortifica-

99 1238 154 1253 tionis
165 1242 225 1254 amore
238 1241 255 1253 et
267 1239 314 1254 vitae
326 1239 423 1254 mutatione
434 1238 498 1254 intueri
510 1238 556 1254 licet.
570 1238 589 1254 In
600 1238 634 1253 aiio
646 1241 716 1257 quoque
