935 1458
215 162 242 176 7³1
408 162 494 177 Litteiue
504 166 638 179 cummines-taes

215 201 232 214 et
240 202 302 218 sponte
311 199 361 214 offert
370 199 387 215 in
393 199 426 215 lioc
433 199 540 215 absolvendo
547 199 629 219 collegio.
639 199 660 215 Et
667 199 683 215 in
690 199 774 215 Bohemia
780 204 829 220 prat>-

216 228 265 241 terea
272 230 311 241 sese
319 228 418 241 erecturam
426 225 524 245 Collegium
531 226 623 246 promittit,
631 226 661 241 ubi
667 226 716 242 Deus
721 226 787 246 Optisu.
794 226 829 242 Ma*

215 251 257 267 xim.
266 252 388 272 tranquilliora
396 253 448 272 paulo
458 255 537 272 tempora
547 253 660 268 concesserit.
669 253 696 268 De
703 253 765 269 favore
776 253 829 269 etiam

215 279 305 299 praecipui
312 279 420 295 Mecaenatis
428 279 489 298 nostri,
498 279 551 299 Regis
562 279 681 295 Romanorum
691 280 827 297 clementissimi.

215 310 285 321 rursum
293 306 355 325 Legati
363 306 460 326 Apostolici
468 308 485 322 ct
493 306 534 322 item
542 306 586 322 Rmi.
595 306 709 322 Laibacensis
718 306 758 322 ideo
768 307 796 322 liic
804 307 828 322 nir

215 332 240 348 hil
247 337 292 352 opus
300 335 326 348 est
334 333 403 352 longius
411 337 438 348 me
446 333 529 352 scribere,
538 333 585 353 quod
592 333 636 349 alias
643 333 706 349 diffuse
717 333 734 349 id
743 338 828 354 exposue*

215 359 255 375 rim,
266 359 373 375 Ominabant
383 359 454 379 plurimi
463 360 589 379 benignitatem
599 360 666 379 regiam
679 363 750 380 propter
761 360 827 376 obitum

214 385 249 401 R.‘u
257 386 276 402 P.
285 386 354 402 Claudii
362 387 441 402 clausam
448 390 491 406 erga
499 391 531 402 nos
539 387 566 405 iri,
575 387 604 406 qui
615 386 684 406 quidem
696 389 746 402 vates
755 387 778 402 ab
789 387 828 407 ipso

214 412 263 432 Rege
271 413 353 434 salsitatis
361 413 438 429 convicti
445 416 491 429 sunt.
500 413 516 429 Is
525 413 580 432 enim,
590 413 657 429 vocatis
667 413 735 429 duobus
746 413 828 429 Patribus

214 440 285 459 nostris,
293 444 363 456 omnem
370 440 493 455 liberalitatem
501 440 645 460 clementiamque
655 440 696 455 huit·
706 444 738 456 suu
749 440 827 460 Collegio

214 470 249 482 non
259 469 332 486 rogatus
342 467 429 486 pollicitus
438 469 464 482 est
473 466 560 486 jussitque
573 467 657 482 audacter
669 467 692 482 ad
704 471 723 482 se
736 467 827 485 accedere.

212 493 358 513 quotiescumque
368 493 430 509 favore
439 496 456 509 et
467 494 533 509 auxilio
543 498 575 509 suo
585 494 689 513 indigerent.
701 494 764 509 Paucis
773 494 827 510 etiam

214 523 254 539 post
265 520 327 536 diebus
337 520 383 536 dono
392 520 444 536 nobis
456 524 525 536 rursum
537 520 584 536 misit
594 524 646 536 sacra
655 520 767 536 sacerdotum
778 520 826 536 indu*

213 549 272 562 menta
280 551 315 562 una
324 551 364 562 cum
372 547 462 563 calicibus.
471 547 492 563 Et
500 550 519 563 ut
526 551 560 563 uno
569 547 623 563 verbo
631 547 696 566 dicam.
705 547 720 562 si
730 551 765 562 non
773 547 826 566 majo-

212 577 256 592 rem.
265 574 345 589 eamdem
356 577 403 589 certe
413 578 465 594 quam
476 574 525 593 prius
535 574 615 589 omnibus
624 574 642 589 in
653 574 705 589 rebus
715 574 826 589 clementiam

212 603 291 618 praestat
306 603 323 616 et
337 600 414 616 exhibet.
429 600 489 616 Rmus.
504 601 522 616 in
536 600 607 616 Christo
620 600 706 620 Legatus,
721 603 740 616 ut
754 600 825 616 vivente

213 626 231 642 Ρ.
240 627 313 642 Claudio
321 627 379 647 (quem
387 627 437 643 unice
445 627 605 647 complectebatur),
614 628 644 646 ita,
653 630 727 646 mortuo,
736 632 758 643 ex
766 627 825 643 animo

212 653 264 669 nobis
271 653 316 669 bene
323 654 366 673 vult,
375 658 408 669 nos
415 656 473 670 tuetur
481 657 498 669 et
506 657 603 673 promovet.
612 654 645 673 Qui
651 654 704 669 etiam
710 658 763 674 saepe
771 654 825 669 utitur

210 684 264 700 opera
272 683 372 696 nostrorum
378 680 450 696 Patrum
458 681 475 696 in
485 681 537 696 rebus
546 681 592 696 haud
600 681 651 700 parvi
659 681 749 696 momenti>
759 680 780 696 Et
790 680 824 696 sra-

211 709 256 722 trem
261 711 331 727 quoque
338 711 394 727 suum,
401 707 423 723 D.
431 707 517 723 Comitem
523 707 544 723 de
551 707 667 727 Martinengo,
677 707 787 726 mox-iturum.
795 712 824 722 cu>

212 738 243 749 rae
251 734 352 750 eorumdem
359 734 432 750 Patr-um
439 734 532 753 commisit,
540 734 575 754 qui,
584 737 602 750 ut
610 734 726 750 christianum
736 734 824 750 hominem

211 761 267 779 decet.
276 761 356 780 spiritum
364 761 440 776 Domino
446 761 526 777 reddidit·
535 761 561 777 De
570 761 608 776 ΒΑΜ
617 761 737 781 Laybacensis
743 765 786 780 erga
791 765 825 776 nos

212 787 271 803 animo
278 787 321 803 nihil
328 792 371 803 sane
379 788 451 807 dignum
462 792 525 808 queam
536 788 602 804 dicere:
614 788 644 808 qui
654 791 672 803 ut
681 792 716 803 non
727 790 755 803 sat
764 788 823 805 habet.

210 818 245 830 non
253 814 334 834 equidem
339 819 407 834 servos,
414 814 446 830 sed
451 815 523 833 amicos,
531 814 596 830 fratres
601 817 618 830 et
624 815 668 830 filios
675 819 709 830 nos
714 815 824 835 appellitare.

210 841 235 856 ita
244 841 297 857 etiam
306 842 353 857 omni
361 841 390 857 illa
398 845 430 861 pro
438 841 489 857 uobis
496 841 613 857 sollicitudine
622 844 639 857 et
648 841 761 861 liberalitate,
770 846 824 861 quam

211 868 229 883 in
237 867 275 883 dies
283 868 319 883 sere
326 872 392 884 novam
400 868 481 887 ostendit,
489 872 525 884 non
532 868 565 884 sibi
573 867 665 884 satisfacit.
676 868 730 883 Totus
741 870 789 883 certe
796 872 823 883 ar-

211 894 240 910 det
248 897 349 910 nostrorum
356 894 443 910 desiderio
450 897 467 910 et
475 899 541 914 amore,
549 894 594 910 adeo
601 897 620 910 ut
626 899 716 914 nunquam
722 895 759 910 sere
764 895 823 914 capiat

211 921 275 941 cibum,
284 921 326 941 quin
334 921 378 937 duos
385 926 454 941 semper
462 922 484 937 ad
492 922 593 937 convivium
601 924 660 940 vocet,
669 925 712 941 quos
720 921 742 937 ad
749 921 823 937 multam

210 952 265 968 usque
273 951 343 964 noctem
350 952 403 968 saepe
410 948 457 968 apud
466 953 485 964 se
495 948 566 964 detinet.
578 948 600 964 Et
610 952 650 964 cum
660 948 738 963 omnium
748 948 822 963 aliorum

209 975 264 990 animi
276 975 353 991 maxime
363 975 425 990 intenti
434 975 469 990 sint
478 975 532 994 bello,
543 975 580 995 ipse
591 975 612 990 de
625 979 671 990 novo
682 974 760 994 Collegiu
772 975 822 990 uobis

209 1001 319 1018 aedificando
327 1002 387 1017 sedulo
397 1002 472 1022 cogitat,
482 1001 555 1017 fundum
563 1001 637 1021 quaerit.
645 1001 712 1021 Regem
720 1001 762 1017 item
769 1004 820 1021 atque

209 1028 250 1044 item
263 1028 368 1048 interpellat.
382 1028 442 1044 Vincit
455 1029 514 1048 utique
527 1031 606 1044 nostram
617 1028 720 1043 tenuitatem
732 1027 783 1043 ΚΜ·
793 1028 820 1043 hic

208 1055 287 1074 praesul,
295 1055 340 1071 adeo
348 1057 366 1070 ut
377 1055 461 1071 solvendo
471 1059 561 1075 nunquam
571 1059 609 1070 esse
620 1055 713 1075 possimus.
726 1054 820 1070 Dominum

208 1082 262 1101 igitur
270 1082 382 1102 precabimur
389 1084 416 1101 ut,
425 1081 471 1102 quod
479 1082 497 1098 in
504 1086 557 1097 manu
567 1084 628 1097 nostra
638 1086 673 1097 non
684 1084 718 1100 est,
730 1081 768 1101 ipse
779 1081 819 1097 velit

207 1111 299 1128 praestare
307 1111 324 1124 et
332 1109 373 1124 huic
381 1111 398 1124 et
405 1109 444 1124 aliis
452 1109 540 1127 omnibus¹
549 1109 578 1128 qui
586 1108 608 1124 de
615 1108 666 1124 nobis
673 1109 717 1124 bene
725 1111 819 1124 merentur.

237 1135 287 1150 Haec
298 1135 359 1155 habui,
369 1135 407 1151 Rfle
418 1135 478 1155 Pater,
488 1140 533 1155 quae
543 1135 565 1151 de
574 1135 627 1151 rebus
637 1135 703 1151 uostris
714 1135 737 1150 ad
747 1137 764 1150 te
774 1139 819 1150 nunc

206 1161 309 1181 scriberem,
317 1166 363 1181 quae
370 1162 412 1182 quia
419 1162 467 1178 nullo
474 1165 527 1182 pacto
534 1164 600 1182 queunt
607 1161 684 1177 conferri
691 1166 732 1177 cum
739 1161 767 1181 iis,
775 1166 819 1181 quat·

206 1188 246 1204 aliis
253 1188 271 1204 in
279 1188 323 1204 locis
331 1193 342 1204 a
349 1189 414 1204 nostris
424 1191 517 1208 geruntur,
528 1191 622 1208 propterea
631 1193 663 1204 oro
673 1191 690 1204 et
700 1188 788 1203 obstestor
797 1191 818 1206 te.

206 1215 229 1231 mi
238 1215 275 1231 Rs¹²
286 1215 344 1234 Pater,
353 1217 371 1231 ut
378 1215 419 1232 boni
428 1216 510 1232 consulas
517 1215 563 1231 hanc
569 1215 631 1231 horum
638 1215 713 1231 tiliorum
719 1217 789 1231 tuorum
796 1215 818 1230 in-
