3400 5524
345 535 402 594 216
731 533 904 594 erraams
923 548 1193 602 ouannmssrnas

347 690 463 746 tentes
482 690 516 745 et
531 682 842 759 communicantes
864 697 945 744 cum
959 697 1023 744 suo
1044 681 1261 758 consessore,
1282 677 1387 742 Patre
1403 678 1565 743 Adriano

348 787 665 869 reprehenderent,
681 787 744 851 sed
764 787 905 868 singula
921 785 1158 866 attendentes,
1175 787 1292 866 gratia
1307 784 1375 849 Dei
1389 785 1531 850 incitati
1545 797 1578 849 et
1693 835 1694 844 ,

346 896 437 959 bene
453 895 630 959 aedificati
641 903 874 958 recesserunt.

409 1001 570 1082 Rogatus
584 1018 723 1082 quoque
737 1000 802 1065 suit
816 1001 922 1064 Pater
943 1000 1123 1064 Adrianus
1144 1000 1189 1064 ab
1211 1001 1291 1064 aliis
1312 999 1578 1064 consessoribus
1693 1049 1694 1058 ,

348 1109 495 1173 alterius
510 1109 700 1190 parochiae
715 1116 763 1188 ut,
781 1125 996 1190 quamquam
1010 1107 1167 1172 omnium
1181 1106 1420 1171 indifferenter
1435 1107 1578 1172 audiret

343 1214 601 1294 confessioneS,
615 1213 753 1295 juberet
766 1226 886 1302 tamen
900 1232 973 1296 eoS,
989 1214 1049 1297 qui
1063 1215 1208 1278 alterius
1222 1222 1304 1278 sunt
1317 1214 1524 1294 parochiae,
1543 1215 1580 1278 in
1693 1289 1694 1292 Ἴ

346 1322 421 1384 suis
434 1321 614 1401 parochiis
629 1323 910 1401 communicare,
925 1329 965 1385 ut
979 1323 1035 1386 sui
1054 1338 1193 1403 quoque
1213 1320 1455 1398 aedificentur,
1478 1321 1578 1402 polli-

345 1437 468 1492 centes
490 1429 622 1492 nemini
646 1427 891 1509 denegandam
916 1445 1057 1492 sacram
1076 1428 1354 1506 Eucharistiam;
1377 1428 1473 1508 quod
1496 1428 1580 1492 licet

347 1552 488 1617 semper
502 1545 666 1599 curatum
680 1535 741 1616 sit,
756 1545 836 1616 post
851 1534 940 1600 haec
955 1543 1074 1599 tamen
1089 1535 1204 1614 magis
1219 1533 1312 1597 serio
1328 1542 1487 1612 curatur,
1511 1535 1581 1598 nisi

345 1642 515 1723 temporis
531 1643 688 1726 brevitas
703 1643 862 1723 aliaeque
877 1641 1164 1706 circumstantiae
1176 1639 1368 1722 impediant
1380 1639 1579 1705 discessum

344 1751 391 1812 de
405 1766 476 1812 uno
492 1750 621 1830 templo
637 1750 674 1813 in
688 1749 794 1815 aliud.

406 1855 544 1920 Deinde
559 1856 664 1922 Pater
678 1855 858 1920 Adrianus
869 1857 906 1920 in
920 1856 1079 1937 partibus
1093 1855 1303 1920 Hollandiae
1318 1855 1579 1919 sollicitabatur

345 1981 370 2025 a
384 1962 537 2043 quodam
552 1965 767 2027 monasterio
782 1964 1002 2027 incessanter
1017 1963 1062 2026 ad
1077 1961 1375 2042 concionandum
1391 1961 1469 2042 ipse
1490 1979 1578 2024 vero

343 2069 536 2150 plurimum
549 2071 638 2134 inse
653 2070 779 2135 anxius
794 2080 829 2135 et
843 2072 1032 2152 perplexus
1047 2069 1111 2134 fuit
1126 2087 1168 2132 eo
1184 2068 1279 2150 quod
1293 2087 1359 2133 nec
1373 2069 1494 2133 studio
1514 2085 1578 2132 nec

345 2176 633 2240 meditationibus
656 2177 846 2257 quicquam
869 2176 993 2240 stabile
1013 2183 1133 2257 posset
1156 2175 1332 2254 invenire,
1355 2184 1390 2239 et
1411 2176 1579 2239 ordinare

344 2283 441 2364 quod
460 2283 608 2361 diceret,
631 2285 739 2347 immo
759 2302 825 2347 nec
845 2285 961 2364 ipsum
980 2293 1116 2347 textum
1134 2283 1322 2362 Evangelii
1343 2281 1415 2345 diei
1435 2293 1577 2363 poterat

344 2391 595 2453 commendare
609 2391 812 2469 memoriae;
828 2390 971 2454 tandem
986 2389 1067 2471 quia
1083 2389 1326 2471 subterfugere
1338 2407 1410 2452 non
1422 2399 1576 2470 poterat,

345 2497 461 2560 solum
475 2497 594 2559 thema
608 2497 758 2576 habenS,
775 2498 877 2577 quasi
896 2505 992 2560 totus
1010 2497 1205 2576 desolatus,
1227 2497 1349 2560 aridus
1369 2505 1404 2560 et
1427 2496 1574 2562 confun-

346 2601 496 2680 dendus,
515 2603 551 2666 in
571 2602 725 2666 Domino
744 2604 970 2667 nihilominus
992 2604 1190 2683 confidem,
1214 2604 1505 2685 superpellicium
1531 2605 1579 2666 in·

346 2710 470 2789 duem,
487 2710 692 2774 concionari
707 2711 846 2791 incipit:
862 2720 898 2774 et
916 2727 999 2774 ecce
1014 2728 1099 2775 mox
1113 2710 1288 2775 Dominus
1302 2709 1427 2776 aderat
1441 2709 1578 2774 famulo

348 2833 424 2896 suo,
442 2825 554 2879 totum
568 2825 704 2880 textum
723 2817 911 2897 Evangelii
930 2818 1089 2897 suggerit
1114 2816 1157 2880 de
1177 2817 1287 2881 divite
1302 2825 1341 2880 et
1363 2817 1520 2896 Lazaro,
1548 2826 1582 2879 et

347 2924 411 2986 vix
425 2923 569 2987 minima
585 2925 760 3004 particula
775 2923 907 2986 intacta
927 2924 1200 3004 relinquebatur,
1217 2924 1301 3005 quin
1319 2939 1425 2988 suum
1446 2922 1578 2987 festum

347 3039 383 3092 et
397 3030 605 3110 mysterium
621 3031 826 3110 explicaret,
844 3030 891 3093 ita
904 3038 942 3093 ut
956 3030 1080 3093 concio
1092 3030 1152 3094 illa
1168 3030 1287 3093 statim
1306 3047 1328 3092 a
1345 3030 1459 3094 variis
1474 3028 1581 3093 fuerit

349 3137 499 3200 collecta
514 3147 549 3201 et
563 3137 707 3217 scripta.

408 3244 447 3307 ln
462 3244 585 3308 eodem
598 3245 678 3308 loco
690 3243 876 3308 domicella
887 3243 1062 3324 quaedam
1072 3243 1225 3307 habebat
1236 3243 1346 3307 filiurn
1356 3243 1583 3306 sacerdotem

346 3361 384 3414 et
399 3351 621 3427 canonicum,
639 3349 698 3431 qui
714 3367 735 3412 a
749 3349 908 3430 pluribus
923 3351 1026 3413 annis
1040 3351 1103 3413 vix
1117 3349 1182 3413 fuit
1197 3367 1343 3430 compos
1362 3350 1507 3430 mentis,
1530 3349 1581 3412 sic

346 3467 401 3536 ut,
420 3467 601 3539 tamquam
617 3457 783 3521 obsessus
798 3474 817 3519 a
835 3455 1022 3536 daemone,
1040 3456 1199 3520 cubiculo
1214 3456 1371 3520 inclusus
1386 3465 1579 3519 teneretur.

348 3565 448 3628 Haec
463 3565 606 3644 rogavit
620 3564 763 3627 Patrem
782 3564 981 3628 Adrianum
1000 3573 1037 3626 ut
1058 3563 1167 3627 filium
1188 3580 1289 3627 suum
1310 3562 1486 3626 visitaret.
1515 3562 1583 3626 Ivit

349 3688 409 3750 eo,
426 3670 573 3735 intravit
588 3670 787 3734 cubiculum
802 3671 889 3734 dicti
903 3669 980 3750 filii,
1004 3679 1117 3733 matre
1132 3680 1166 3734 et
1183 3668 1319 3734 familia
1339 3686 1426 3750 prae
1446 3669 1583 3734 foribus

349 3777 402 3839 rei
416 3786 581 3840 eventum
597 3777 902 3858 exspectantibus;
920 3777 1139 3840 examinavit
1153 3793 1233 3841 eum
1247 3777 1399 3857 petendo
1415 3794 1510 3840 anne
1525 3793 1582 3838 cu·

350 3893 449 3964 peret
462 3886 603 3964 placere
618 3881 773 3948 Domino
787 3882 877 3961 Deo,
894 3881 1009 3946 eidem
1028 3883 1182 3963 servire,
1199 3882 1341 3946 obedire
1356 3891 1391 3945 et
1410 3882 1446 3946 in
1469 3893 1582 3946 aeter·

349 4007 434 4053 num
449 4007 530 4053 cum
544 4007 587 4052 eo
601 3988 768 4070 gaudere.
789 3989 984 4069 Respondit
1003 3989 1098 4071 quod
1120 3990 1182 4053 sic.
1207 3989 1477 4052 Adhortabatur
1496 3991 1581 4053 ulte

351 4096 425 4160 rius
440 4096 485 4159 ad
499 4095 757 4160 consessionem
773 4106 806 4160 et
821 4096 965 4176 similia;
982 4113 1131 4176 cumque
1151 4095 1249 4159 Patri
1268 4094 1429 4159 Adriano
1444 4097 1581 4160 videre·

351 4211 409 4266 tur
419 4219 545 4284 parum
558 4203 797 4284 respondisse,
815 4212 927 4266 mater
940 4201 1165 4286 postmodum
1178 4201 1267 4266 dixit
1282 4219 1320 4265 se
1334 4219 1450 4282 neque
1465 4219 1529 4284 per
1543 4219 1581 4266 se

351 4326 466 4391 neque
479 4328 543 4391 per
558 4311 694 4391 aliquos
709 4310 798 4374 alios
811 4309 968 4390 potuisse
984 4327 1005 4372 a
1021 4319 1173 4390 quatuor
1188 4309 1289 4372 annis
1304 4317 1442 4372 tantum
1458 4309 1581 4373 verbo·

351 4434 431 4481 rum
446 4425 480 4480 et
500 4417 660 4497 responsi
679 4417 879 4497 impetrare.
903 4415 961 4480 Sic
976 4432 1057 4479 eum
1076 4416 1202 4496 reliqui
1222 4416 1258 4478 in
1278 4415 1440 4479 cubiculo
1462 4413 1585 4479 dicens

353 4541 409 4587 me
424 4532 630 4588 curaturum
644 4531 682 4586 ut
697 4524 808 4586 altero
823 4522 880 4586 die
894 4523 1032 4586 veniret
1052 4531 1174 4603 pastor
1196 4521 1381 4586 auditurus
1402 4520 1480 4602 ejus
1502 4538 1583 4585 con·

353 4631 559 4709 sessionem,
577 4647 645 4710 quo
660 4639 695 4693 et
709 4637 894 4693 contentus
908 4628 984 4692 fuit.
1001 4629 1117 4709 Quam
1132 4645 1278 4712 operam
1301 4628 1443 4708 quidem
1464 4628 1584 4692 offere·

351 4739 414 4800 bat
430 4736 535 4800 Pater
550 4736 742 4816 Adrianus,
759 4736 820 4799 sed
836 4736 911 4815 ipse
926 4754 997 4799 non
1012 4735 1200 4799 videbatur
1215 4735 1374 4799 affectus.
1391 4733 1437 4799 Et
1448 4735 1498 4799 ita
1511 4742 1585 4798 tota
