935 1458
233 169 261 184 520
422 169 507 184 Lini-:nris
519 173 654 187 quarumnam-nas

234 205 324 225 probetur,
336 205 377 221 dum
389 206 493 226 Conversis,
505 206 567 222 saltem
578 206 659 225 Venetis,
673 205 787 226 adjungatur,
803 206 848 226 quod

233 232 288 248 etiam
293 232 330 252 jam
338 234 374 248 tum
382 233 440 248 moliri
447 233 505 253 coepit
515 235 532 248 et
541 233 644 249 nonnullam
651 233 669 248 in
678 237 728 253 spem
737 232 776 253 ejus
787 232 848 248 admit-

234 258 298 274 tendae
305 259 358 275 venit*

264 284 351 301 Praefecti
359 285 410 306 hujus
418 286 466 302 urbis
473 286 584 302 xenodochio
593 290 650 306 nuper
662 286 714 302 R.·¹·¹m
725 286 744 302 P.
758 285 849 302 Andrenm

233 311 315 328 Frusium
323 315 420 328 exorarunt
427 317 459 333 per
467 313 524 333 ipsum
531 313 556 329 uti
564 313 625 329 liceret
632 316 650 329 ut
660 313 679 329 P.
691 312 774 329 Andreas
784 312 848 328 Galia

233 339 290 354 nellus
298 339 359 359 (quem
367 339 384 355 id
391 340 433 355 olim
440 339 531 356 factitasse
539 341 659 360 agnoverant)
667 342 751 359 aegrotos
761 340 847 358 visitaret,

234 365 318 386 ipsosque
325 370 360 382 una
368 371 408 382 cum
416 367 501 382 ministris
509 367 532 383 nd
539 367 643 387 patientiam
650 367 742 386 animaret,
751 366 848 387 quodsum:

232 392 270 412 jam
283 393 342 409 sexies
356 396 386 409 aut
401 394 466 414 septies
480 393 537 410 effecit
544 405 548 412 ,
566 393 605 409 Deo
622 393 730 414 adspirante.
748 393 794 409 Nam
809 398 846 409 curn

232 420 309 439 aegroti,
318 422 355 436 turn
363 420 439 436 ministri
445 425 464 436 se
469 421 547 436 maximo
553 420 641 436 desiderio
647 420 721 436 verbum
726 420 760 436 Dei
766 420 847 436 audiendi

233 445 306 462 affectos
314 449 332 462 et
339 451 388 467 spem
396 447 463 463 fructus
471 447 493 463 de
503 452 521 463 se
533 452 568 463 non
579 447 686 463 mediocrem
696 449 785 463 ostentant
797 449 847 467 atque

234 473 343 492 pollicentur.
362 473 412 489 Ultro
430 474 509 490 nonnulli
527 474 622 490 confitendi
639 474 749 489 voluntatem
764 477 847 493 exposue-

234 502 280 515 runt.
295 500 431 520 Aegrotantium
443 501 536 517 mulierum
549 501 640 517 ministrae
653 501 707 516 semel
719 500 820 516 admonitae
830 503 847 515 ut

234 526 314 542 insolitas
321 527 397 543 antehac
405 527 485 543 Limnias
496 531 536 543 cum
546 527 628 547 precibus
639 527 693 547 (quae
704 527 722 542 in
733 527 846 542 xenodochiis

234 552 270 568 sere
277 553 361 572 assolent)
369 556 410 569 ante
418 554 523 574 capiendum
531 554 589 570 cibum
596 554 721 573 decantarent,
729 554 768 573 ipso
776 553 804 569 die
809 557 845 569 coev

233 582 303 599 perurit,
311 582 328 596 et
336 584 391 600 usque
399 581 457 596 adhuc
464 583 585 601 perseverant⁴
594 580 641 596 Idem
649 581 674 596 uti
682 580 736 596 etiam
743 580 789 600 apud
799 580 846 595 viros

230 610 268 626 jam
276 606 381 627 admonitos,
389 612 422 623 nec
430 608 503 627 alienos,
511 607 547 626 fiat.
556 607 658 628 propediem
666 607 776 623 decernetur.

264 632 328 649 Odium
340 634 429 653 quoddam
441 634 544 650 intestinum
556 638 577 650 ac
592 633 684 650 dissidium
697 633 800 652 vehemens,
812 637 845 653 quo

232 659 299 675 familia
307 660 400 680 quaedam,
409 661 489 680 maritus,
496 665 547 680 uxor,
555 665 611 681 gener
618 663 635 676 et
641 660 677 676 filia
685 660 780 676 triennium
785 660 844 680 flagru-

233 689 284 702 verat
291 691 324 702 nec
334 683 429 703 multorum
439 687 532 703 conatibus
544 689 626 707 potuerat
638 687 708 707 pacari,
720 687 759 703 Deo
768 686 843 707 juvante,

232 715 251 729 ut
259 713 277 729 F<
288 713 370 730 Andreas
380 714 433 730 tertio
444 719 475 730 eos
485 714 576 734 convenit,
588 714 613 730 sic
624 714 702 730 funditus
713 714 777 730 abhinc
788 717 843 729 mense

232 741 332 756 extinctum
341 743 394 761 atque
405 741 485 757 sedatum
495 744 529 761 est,
540 744 559 757 ut
568 741 634 757 mutuis
645 741 735 761 provoluti
745 740 818 761 pedibus
828 743 843 755 et

232 767 309 787 profusis
317 768 410 788 lacrymis,
419 770 498 784 mutuam
508 772 571 788 pacem
582 772 603 784 ac
615 767 685 783 veniam
696 771 731 783 nou
741 771 842 787 expoposce-

231 794 267 810 rint
275 794 390 815 dederintque
397 794 455 814 modo,
466 799 528 810 verum
536 794 589 810 etiarn
596 797 711 814 peccatorum
718 794 842 809 contessionem

231 821 320 841 adipsum
327 821 405 841 Patrem,
414 824 431 837 et
439 821 563 837 communione
572 825 635 837 sacrae
644 820 767 837 Eucharistiae
778 820 841 836 confoe⁴

230 848 295 868 dex-ati,
303 852 372 864 summa
380 848 438 864 adhuc
446 848 546 864 animorum
554 848 680 868 tranquillitate
686 847 804 868 perfruantur.

262 875 301 895 Ipso
308 875 337 891 die
344 875 464 895 Epiphaniae,
476 874 547 895 quidam
559 879 629 893 eorum,
637 874 667 895 qui
675 876 755 890 nostrum
763 873 841 893 templum

230 902 330 922 ce1ebrant,
338 902 428 918 hominem
434 902 508 922 triginta
516 906 608 921 annorum,
617 901 671 921 colos,
678 901 735 921 susos,
743 900 841 918 verticillos¹

230 929 304 944 zonulas
311 931 329 944 et
336 928 422 949 ejusmodi
428 929 543 945 mercimonia
549 928 708 947 circumferentem,
714 932 747 943 nec
754 927 810 943 minus
816 930 841 941 va-

232 955 263 971 riis
269 955 306 975 jam
313 955 343 971 diu
355 955 464 976 inquinatum
472 955 582 974 haeresibus,
591 955 614 970 ad
622 959 655 970 nos
664 954 755 975 perduxit:
767 953 797 974 qui
806 957 842 969 cum

230 982 286 998 solius
291 982 398 998 christianae
406 982 487 998 veritatis
492 981 624 1002 pernoscendae
629 981 688 1001 gratia
693 985 713 996 se
720 980 798 996 ductoris
806 979 842 996 fidei

231 1008 329 1024 credidisse
337 1011 390 1029 atque
397 1009 420 1025 ad
427 1013 460 1024 nos
467 1009 537 1024 venisse
545 1008 619 1028 diceret,
628 1010 701 1028 accepta
712 1012 723 1023 a
733 1007 786 1023 Patre
796 1006 842 1022 venia

231 1040 255 1051 ex
261 1036 320 1051 animo
327 1035 410 1055 loquendi
416 1040 462 1056 quae
470 1035 492 1051 de
500 1035 585 1055 religione
593 1035 690 1051 christiana
700 1037 717 1050 et
728 1034 750 1050 de
760 1033 842 1050 catholica

231 1062 312 1078 Ecclesia
318 1062 396 1080 sentiret.
401 1062 500 1078 Romanam
506 1066 568 1078 veram
573 1066 612 1078 esse
618 1061 694 1077 fidelium
699 1061 797 1077 Ecclesiam
803 1059 842 1080 ejus*

231 1093 266 1109 que
274 1093 336 1105 sacros
343 1089 393 1108 ritus,
402 1088 497 1105 Missurum
505 1088 598 1108 sacrificia,
610 1088 633 1104 ad
643 1088 746 1104 sacerdotes
753 1087 842 1103 consessio-

232 1120 281 1135 nem,
290 1115 357 1136 jejunia
366 1119 383 1131 et
394 1116 478 1136 pleraque
489 1116 523 1132 nlia
533 1115 630 1135 abnegavit
639 1115 706 1131 omnia:
717 1114 765 1130 haud
774 1114 842 1134 ignarus

231 1147 358 1162 perversarum
365 1143 453 1158 rationum
460 1145 513 1163 atque
521 1144 674 1162 argumentorum,
682 1141 745 1162 quibus
752 1143 841 1161 perversus

232 1169 333 1185 haereticus
340 1169 425 1188 innititur,
435 1169 498 1189 quibus
504 1169 547 1189 ipsis
554 1171 619 1188 tamen,
627 1172 667 1184 cum
675 1170 747 1184 ventum
755 1167 777 1183 ad
784 1169 840 1182 verum

231 1198 267 1215 est,
276 1200 307 1211 suo
315 1196 375 1215 gladio
381 1195 472 1216 jugulatus
479 1195 601 1211 labefactatur.
609 1195 642 1211 His
647 1195 707 1215 itaque
714 1194 771 1214 primo
778 1194 804 1210 die
810 1193 840 1213 ple>

232 1222 292 1243 risque
299 1227 310 1238 a
317 1222 370 1238 Patre
378 1222 481 1242 confutatis,
490 1222 569 1238 nonnihil
577 1225 602 1238 est
610 1222 713 1242 profectum.
723 1221 749 1237 lta
757 1221 801 1237 enim
811 1219 840 1235 dis-
