3400 5532
355 481 410 537 366
742 480 912 540 errsrrns
932 497 1201 550 Quanrrmns'mus

355 624 429 688 RR.
444 624 606 687 Patribus
618 633 652 686 et
667 641 688 684 a
703 623 921 687 charissimis
935 623 1119 688 Fratribus
1134 633 1300 705 precatus
1315 641 1379 703 pro
1395 623 1593 700 scandalis,

355 747 505 812 quorum
521 731 596 811 ipse
611 730 679 793 illis
692 739 817 794 auctor
830 748 908 792 esse
923 731 1094 812 potuisset
1112 735 1215 812 (quae
1227 749 1313 793 sane
1327 731 1469 793 fuerant
1484 748 1594 811 quam

356 838 529 916 minima),
546 838 842 918 pretiosissimum
857 855 986 918 corpus
1001 837 1145 901 Domini
1160 837 1202 900 N.
1218 839 1303 920 Jesu
1319 837 1465 916 Christi,
1489 837 1594 899 viati-

356 963 437 1009 cum
453 945 624 1024 optimum
647 955 681 1008 et
697 945 998 1024 copiosissimum,
1020 947 1068 1008 ita
1089 944 1232 1024 devote,
1255 955 1293 1007 ut
1313 945 1418 1006 etiam
1438 944 1594 1007 admira-

357 1051 443 1114 tioni
462 1062 571 1130 essct,
594 1051 738 1131 recepit.
763 1050 865 1130 Quod
884 1051 944 1113 ubi
963 1052 1096 1114 factum
1117 1062 1187 1131 est,
1210 1063 1248 1113 ut
1267 1053 1401 1114 nullum
1419 1051 1595 1129 spiritalis

358 1157 550 1238 adjumenti
578 1175 691 1238 genus
720 1158 769 1220 illi
794 1157 948 1235 deesset,
976 1159 1201 1221 sanctissimo
1226 1159 1304 1221 oleo
1329 1157 1496 1220 inunctus
1525 1165 1592 1218 est.

355 1265 515 1346 Cumque
532 1265 581 1327 illi
603 1273 684 1344 post
699 1273 895 1328 extremam
910 1267 1113 1328 unctionem
1132 1266 1326 1343 diceretur,
1349 1282 1435 1328 num
1456 1265 1493 1327 in
1512 1265 1594 1327 obe·

356 1372 488 1434 dientia
512 1370 699 1434 Societatis
717 1371 803 1454 Jesu
826 1373 916 1435 mori
937 1373 1058 1450 vellet;
1081 1373 1117 1434 in
1145 1371 1362 1448 obedientia,
1382 1371 1497 1451 inquit
1522 1372 1592 1448 ille,

355 1487 564 1558 paupertate
583 1489 616 1540 et
639 1463 820 1556 castitate,
842 1488 876 1540 et
896 1479 1019 1541 vivere
1039 1489 1074 1541 et
1095 1479 1185 1541 mori
1208 1479 1301 1541 volo.
1323 1477 1400 1540 Hoc
1421 1479 1518 1541 enim
1540 1489 1594 1540 est

355 1584 451 1664 quod
476 1592 575 1665 opto,
603 1585 697 1664 quod
721 1601 808 1664 prae
833 1585 939 1648 rebus
965 1585 1128 1647 omnibus
1156 1583 1329 1647 desidero.
1360 1583 1592 1665 Quantopere

302 1692 306 1700 '
355 1700 474 1754 autem
488 1691 555 1752 hoc
568 1691 764 1770 appetierit,
778 1691 907 1754 indicio
919 1691 983 1754 fuit
998 1691 1034 1754 id
1045 1692 1140 1771 quod
1150 1691 1255 1754 modo
1267 1691 1394 1754 dicam.
1407 1691 1501 1754 Nam
1512 1709 1594 1754 cum

356 1797 397 1859 R.
415 1797 452 1859 P.
466 1796 706 1876 Hieronymus
721 1795 858 1860 Natalis
870 1798 1012 1876 saepius
1027 1798 1144 1860 multis
1159 1798 1324 1877 precibus
1339 1806 1498 1876 rogatuS,
1516 1796 1593 1877 ejus

356 1912 441 1966 vota
456 1904 613 1984 recipere
628 1913 841 1982 recusasset,
855 1905 901 1978 id,
919 1922 1001 1968 cum
1013 1901 1086 1983 jam
1100 1922 1173 1967 non
1188 1906 1292 1984 longe
1308 1905 1447 1968 abesset
1459 1921 1481 1966 a
1497 1922 1592 1967 rnor-

355 2020 407 2088 te‚
432 2027 453 2072 a
475 2009 516 2072 R.
541 2009 579 2072 P.
596 2011 752 2073 Antonio
770 2010 776 2040 ¹
796 2011 930 2085 (aberat
946 2011 1038 2074 enim
1053 2010 1095 2074 R.
1115 2010 1154 2073 P.
1176 2011 1415 2091 Hieronymus
1435 2011 1587 2074 Natalisl

355 2116 568 2196 impetravit,
582 2127 619 2179 ut
631 2135 683 2194 ea,
698 2116 876 2180 offerenda
890 2116 931 2179 R.
945 2117 983 2179 P.
997 2117 1146 2197 ignatio,
1159 2119 1344 2198 reciperet.
1358 2117 1493 2198 Itaque,
1506 2133 1591 2180 cum

353 2223 426 2303 jam
439 2223 512 2304 jam
527 2223 719 2286 moriturus
741 2224 940 2302 videbatur,
957 2233 1043 2287 vota
1064 2224 1301 2304 obedientiae,
1318 2225 1539 2306 paupertatis
1555 2237 1592 2286 et

356 2332 529 2393 castitatis
548 2329 625 2393 Deo
649 2331 782 2407 emisit,
806 2331 999 2410 eademque
1022 2332 1138 2408 (sicuti
1156 2331 1364 2410 jamdudum
1386 2331 1589 2412 optaverat)

356 2438 488 2517 scripta
512 2437 550 2499 in
574 2454 700 2500 manus
724 2437 869 2501 tradidit
890 2436 931 2500 R.
953 2437 990 2499 P.
1014 2435 1059 2499 D.
1080 2437 1247 2501 Antonio.
1272 2436 1412 2518 Scripta
1432 2437 1528 2500 enirn
1547 2456 1589 2499 ea

354 2543 450 2623 apud
462 2561 500 2606 se
513 2543 664 2606 habebat
676 2543 750 2624 jam
765 2561 786 2605 a
802 2561 922 2607 mense
938 2544 1125 2607 decembri.
1142 2543 1259 2624 Atque
1274 2545 1323 2607 ita
1339 2545 1432 2624 quod
1448 2546 1589 2608 viventi

356 2668 427 2712 non
446 2650 558 2728 licuit,
582 2651 617 2712 in
637 2651 787 2714 articulo
811 2652 936 2714 mortis
951 2653 1099 2732 peregit.
1116 2651 1347 2732 Quinetiam,
1364 2652 1588 2715 obedientiae

355 2759 570 2836 exemplum,
593 2775 698 2836 quam
713 2766 898 2838 tantopere
919 2759 1025 2821 vivus
1039 2759 1227 2837 dilexerat,
1243 2759 1280 2820 in
1295 2768 1408 2821 morte
1430 2759 1585 2839 reliquit.

355 2863 516 2942 Rogatus
533 2864 626 2926 enim
639 2883 660 2926 a
675 2863 844 2927 iratribus
866 2865 1034 2945 numquid
1048 2883 1112 2944 pro
1129 2865 1215 2946 ipsis
1229 2865 1421 2928 Dominum
1438 2866 1474 2927 in
1489 2867 1588 2928 coelo

355 2979 449 3032 esset
475 2979 655 3048 oraturus;
680 2971 710 3032 si
736 2971 877 3051 (inquit)
898 2971 934 3033 in
954 2971 1160 3051 paradisum
1184 2972 1272 3035 mihi
1295 2971 1428 3052 patebit
1458 2972 1586 3042 aditus,

355 3085 581 3156 optatamque
607 3077 831 3140 Hierusalem
860 3077 958 3140 adire
983 3077 1117 3152 licebit,
1148 3077 1368 3158 facultasque
1394 3095 1458 3158 pro
1486 3079 1588 3140 vobis

354 3182 478 3245 orandi
493 3201 515 3244 a
531 3183 673 3246 Christo
695 3182 780 3246 mihi
795 3183 947 3262 dabitur,
963 3184 1094 3246 faciam
1114 3201 1199 3248 sane
1222 3185 1272 3263 id,
1295 3195 1331 3248 et
1352 3185 1493 3248 lubens:
1515 3203 1586 3248 non

352 3289 445 3352 enim
467 3290 542 3352 sine
557 3289 758 3353 obedientia
772 3288 889 3353 Patris
908 3292 1087 3370 coelestis,
1105 3291 1207 3370 regni
1222 3294 1401 3355 coelorum
1424 3293 1516 3355 atria
1538 3292 1585 3354 in·

351 3397 454 3476 gredi
473 3405 608 3476 poter0,
630 3415 696 3460 nec
719 3398 903 3477 ingressus
923 3416 987 3478 pro
1010 3398 1113 3460 vobis
1133 3415 1247 3462 orare.
1264 3397 1355 3462 Nam
1375 3399 1406 3462 si
1426 3399 1484 3462 hic
1506 3400 1583 3462 obe-

354 3502 536 3582 diendum,
561 3515 693 3585 quanto
710 3505 780 3567 illic
796 3506 912 3584 magis
928 3506 1021 3568 unde
1037 3505 1150 3568 omnis
1174 3505 1373 3568 obedientia
1389 3506 1435 3568 ad
1448 3523 1515 3568 nos
1530 3507 1583 3569 de-

354 3609 448 3673 fluit?
471 3609 558 3689 Quis
573 3619 704 3690 posset,
722 3611 850 3674 iratres
863 3611 1092 3688 dilectissimi,
1109 3621 1244 3674 tantam
1259 3612 1366 3675 animi
1382 3613 1583 3693 puritatem,

355 3715 590 3779 obedientiam
612 3717 942 3798 simplicitatemque
968 3735 1039 3780 non
1062 3718 1252 3782 admirari?
1272 3718 1385 3782 Credo
1411 3719 1582 3799 equidem.

355 3822 385 3884 si
399 3823 581 3886 hominum
600 3824 777 3887 mentibus
792 3823 910 3903 aliqua
930 3823 1041 3886 divini
1060 3822 1212 3903 Spiritus
1232 3825 1422 3888 scintillula
1442 3826 1582 3897 inesset,

353 3929 593 4009 sentirentque
605 3946 699 3992 vana
715 3948 792 3993 esse
805 3931 934 4009 omnia,
950 3939 1200 4010 praeterquam
1211 3929 1351 3994 Christo
1367 3950 1455 3995 vera
1467 3933 1584 3996 cordis

353 4035 506 4115 puritate
526 4037 677 4116 servire,
700 4054 771 4099 non
797 4035 886 4099 adeo
912 4035 1134 4100 ethnicorum
1152 4048 1255 4116 gesta
1275 4055 1381 4117 super
1403 4048 1503 4102 astra
1520 4039 1583 4102 fer·

353 4150 442 4204 rent.
459 4142 622 4206 Laudant
637 4142 795 4205 nonnulli
809 4143 1026 4223 pudicitiam,
1044 4143 1217 4206 extollunt
1231 4143 1291 4206 alii
1311 4143 1430 4224 fidem,
1448 4145 1582 4225 praedi·

353 4257 436 4310 cant
450 4249 551 4312 multi
565 4249 803 4312 constantiam
818 4249 1060 4330 miranturque
1076 4249 1185 4312 animi
1199 4251 1481 4328 magnitudinem
1500 4253 1581 4314 mul·

354 4363 470 4416 torum
494 4354 730 4434 ethnicorum;
757 4357 820 4420 sed
848 4373 929 4419 cum
950 4355 1036 4420 nulli
1058 4356 1126 4418 ista
1150 4357 1355 4435 praedicent
1380 4357 1449 4420 nisi
1475 4359 1580 4428 stulti.

354 4459 455 4538 vani,
481 4461 688 4540 penitusque
715 4463 828 4526 omnis
854 4462 1010 4542 iustitiae
1035 4462 1253 4542 rationisque
1280 4463 1410 4526 lumine
1439 4465 1581 4544 privati,

361 4593 571 4623 4——

395 4701 407 4734 6
437 4700 565 4744 Antonius
575 4699 668 4757 Vincit,
680 4701 835 4746 Messanensl
847 4701 939 4754 domui,
950 4701 1009 4746 dunt
1020 4703 1112 4746 aberat
1122 4698 1150 4744 P.
1160 4699 1270 4756 Natalis,
1281 4700 1453 4757 praepositus.
