3378 5530
791 545 961 606 erranae
980 563 1252 615 oununtuesrnas

463 1563 499 1624 P.
515 1565 668 1625 Andreas
679 1567 720 1625 de
733 1565 850 1626 Frusis

498 1663 590 1722 Patri
603 1665 731 1738 ignatio
745 1665 785 1724 de
799 1665 938 1739 Loyola.

533 1763 699 1834 venetiis,
716 1763 729 1822 1
745 1763 950 1838 Septembris
962 1766 1027 1824 leil
1045 1767 1064 1822 ¹.

983 2027 1056 2143 lits

470 2291 595 2355 Gratia
609 2301 643 2354 et
658 2309 729 2372 pax
745 2301 812 2356 etc.

470 2399 515 2462 Ut
529 2409 720 2479 praecepto
735 2399 772 2462 P.
790 2399 830 2462 T.
847 2417 912 2480 pro
931 2401 1026 2464 virili
1047 2411 1149 2481 parte
1167 2417 1371 2482 pareamuS,
1395 2419 1627 2483 quaecumque
1676 2411 1677 2426 ¹

408 2505 498 2568 scitu
514 2505 622 2584 digna
636 2505 691 2568 his
706 2515 858 2586 quatuor
872 2507 1043 2587 proximis
1057 2508 1251 2587 mensibus
1269 2507 1410 2572 Christo
1426 2509 1623 2589 adjuvante,

409 2611 466 2673 hic
480 2628 543 2690 per
556 2629 622 2674 nos
643 2623 724 2676 acta
745 2624 843 2692 sunt,
865 2631 971 2694 quam
990 2614 1199 2678 brevissime
1221 2614 1296 2678 fieri
1317 2616 1465 2696 poterit,
1487 2614 1626 2696 perscri-

408 2717 532 2780 bemus
633 2781 636 2794 ,

468 2823 585 2904 Atque
598 2833 637 2890 ut
653 2843 673 2888 a
691 2826 817 2890 studiis
830 2824 1036 2890 domesticis
1051 2827 1243 2904 ordiamur,
1260 2845 1302 2891 ea
1318 2829 1370 2892 sic
1392 2829 1534 2892 habent.
1549 2829 1624 2891 Fra-

408 2937 481 2994 tres
496 2947 641 3012 operam
655 2932 813 2996 sedulam
824 2942 959 2996 navant
973 2935 1218 3013 grammaticis
1229 2935 1438 2998 lectionibus
1450 2935 1625 2998 audiendis

407 3047 442 3100 et
456 3038 536 3101 stilo
551 3039 760 3112 exercendo;
778 3040 1030 3119 praeleguntur
1045 3041 1099 3119 iis,
1116 3049 1153 3104 ut
1168 3049 1221 3104 est
1233 3040 1403 3121 cuiusque
1418 3051 1557 3122 captuS,
1573 3057 1623 3101 ve·
1675 3055 1676 3112 t

407 3155 501 3208 teres
515 3145 706 3225 scriptores
721 3153 795 3208 tam
806 3161 958 3224 graecae
970 3163 1076 3227 quam
1088 3147 1218 3210 latinae
1233 3147 1387 3226 linguae
1406 3157 1441 3211 et
1452 3147 1627 3226 utriusque

408 3261 599 3316 extraneos
613 3253 793 3316 auditores
811 3252 993 3316 habemus,

468 3357 570 3438 Quod
585 3358 630 3422 ad
644 3375 835 3439 puerorum
850 3357 1009 3422 scholam
1026 3367 1172 3440 spectat,
1189 3361 1274 3424 illud
1289 3361 1534 3424 tantummodo
1550 3360 1626 3423 scri·

405 3466 558 3529 bendum
572 3466 722 3544 videtur,
740 3465 833 3546 quod
850 3466 900 3528 eis
916 3463 953 3528 P.
970 3465 1143 3530 Dominus
1159 3467 1292 3530 Caesar
1312 3465 1324 3496 ²
1344 3467 1426 3531 huic
1447 3467 1570 3544 officio,
1591 3478 1623 3526 ut

405 3572 557 3648 videtur,
574 3573 776 3653 aptissimus
791 3581 943 3653 praeest.
959 3571 1145 3636 Proiectus
1159 3582 1212 3636 est
1227 3581 1302 3637 tum
1313 3574 1349 3636 in
1363 3575 1491 3637 litteris
1507 3583 1578 3638 tum
1593 3574 1623 3634 in

406 3679 509 3741 bonis
537 3687 571 3742 et
595 3680 797 3743 christianis
825 3679 982 3744 moribus
1015 3695 1087 3742 non
1115 3679 1277 3759 exiguus.
1312 3679 1482 3744 confiteri
1509 3697 1625 3743 omncs

407 3787 519 3849 solent
534 3802 615 3848 cum
626 3784 801 3866 iubentus
819 3787 926 3866 aliqui
941 3788 1048 3851 etiam
1064 3785 1205 3866 saepius
1219 3803 1285 3850 sua
1299 3797 1425 3867 sponte
1437 3795 1472 3850 et
1487 3788 1624 3868 cupiunt

407 3903 441 3955 et
466 3903 606 3971 rogant.
632 3891 767 3956 Verum
791 3900 959 3956 nontam
984 3910 1107 3956 eorum
1128 3893 1301 3956 desiderio
1327 3911 1434 3974 quam
1456 3893 1625 3957 communi

408 3998 644 4062 aedificationi
659 4017 679 4062 a
694 3999 796 4062 nobis
809 3989 1013 4062 consulitur.

466 4105 635 4170 Virorum
650 4115 684 4169 et
700 4107 885 4170 mulierum
900 4106 1001 4168 nobis
1023 4106 1059 4168 in
1078 4106 1229 4169 ecclesia
1248 4115 1372 4169 nostra
1392 4106 1624 4170 confitentium

405 4229 574 4276 numerus
593 4223 646 4276 est
665 4213 750 4276 satis
772 4229 925 4292 magnus
948 4229 1013 4292 pro
1035 4213 1104 4274 loci
1129 4213 1418 4276 incommoditate
1444 4224 1479 4276 et
1503 4213 1625 4276 nostris

407 4319 486 4382 aliis
516 4320 816 4399 occupationibus
847 4317 997 4382 Sumunt
1024 4319 1305 4383 sacratissimum
1339 4318 1473 4384 Christi
1507 4337 1629 4398 corpus
1673 4309 1674 4326 ¹

408 4425 556 4503 singulis
571 4425 694 4489 diebus
708 4425 894 4489 dominicis
909 4427 1109 4506 complures
1128 4425 1311 4506 utriusque
1333 4443 1452 4489 sexus
1476 4425 1627 4489 Accessi·

451 4629 458 4661 ¹
488 4627 545 4672 Duo
559 4629 682 4674 habemus
699 4630 792 4675 harum
809 4631 956 4676 litterarum
973 4629 1142 4685 exemplaria.
1161 4629 1253 4682 Unum,
1271 4641 1355 4682 manu.
1372 4636 1401 4674 ut
1418 4631 1532 4684 videtur,
1549 4630 1630 4673 Patris

410 4699 517 4744 Oliverll
529 4699 651 4752 manaret,
662 4701 688 4744 ln
699 4701 799 4745 Codicis
810 4703 869 4756 1551,
881 4703 924 4746 iol.
934 4703 962 4747 ⁵0
970 4703 1019 4757 v.⁰;
1032 4703 1142 4747 alterum
1150 4702 1176 4746 in
1187 4701 1309 4746 Historia
1318 4704 1490 4756 varta,v01.1,
1499 4703 1539 4746 iol.
1548 4700 1629 4745 ΖΜ)

452 4771 463 4802 ¹
491 4771 519 4814 P.
531 4771 629 4816 Caesar
637 4772 730 4826 Helm,
741 4771 874 4826 Fulginas.
