3442 5538
361 523 401 582 56
747 523 919 584 erransn
938 539 1208 592 Quaonmasrnrrs

423 667 451 731 Il
472 667 615 747 signore
633 668 682 731 mi
700 668 746 730 ha
765 668 850 732 dato
870 667 987 748 gratia
1010 669 1044 732 di
1066 669 1280 734 confundere
1293 667 1318 732 li
1338 669 1483 733 heretici
1497 678 1533 732 et
1547 673 1590 732 co

362 775 517 838 autorita
532 783 566 838 et
583 792 650 838 con
665 775 841 839 minaccia
855 775 891 839 di
906 775 1022 839 luoco.

423 934 832 1070 &arsaphar-Isis.
852 991 898 1054 Al
913 991 1022 1053 molto
1037 990 1107 1054 mio
1121 989 1164 1054 R.
1185 990 1222 1054 in
1241 989 1334 1071 Xpo.
1357 991 1436 1054 Pre.
1453 989 1500 1054 M.
1518 989 1591 1054 Pie—

363 1105 418 1159 tro
443 1095 635 1176 Codaccio‚
664 1097 756 1160 nella
782 1095 1003 1176 Compagnia
1027 1096 1071 1160 de
1095 1095 1196 1178 Jesu,
1223 1097 1389 1178 provisor
1402 1098 1529 1177 digm,
1556 1099 1591 1160 in

363 1199 494 1266 Sancta
514 1201 627 1266 Maria
646 1202 738 1266 della
757 1203 893 1281 strada,
917 1220 1041 1284 presso
1064 1221 1086 1265 a
1106 1201 1236 1267 Sancto
1252 1203 1392 1282 Marco,
1409 1203 1446 1268 in
1459 1203 1584 1278 Roma.

423 1307 470 1372 Di
484 1318 587 1390 porto
602 1317 656 1373 tre
670 1309 824 1373 baiochi.

584 1415 629 1478 X.
646 1413 681 1480 S.

412 2187 458 2247 .F.
473 2188 634 2247 Antonius
648 2189 773 2250 Suarez

455 2283 549 2344 Patri
562 2285 706 2346 Martino
720 2286 761 2346 de
775 2287 967 2348 Santacruz.

489 2383 710 2452 Conimbrica.
724 2386 761 2443 24
774 2386 988 2460 Septembris
1005 2388 1079 2446 1547
1092 2389 1112 2444 ¹.

942 2539 1016 2660 riis

425 2807 550 2873 Gratia
571 2818 606 2873 et
625 2827 697 2890 pax
712 2809 856 2874 Domini
873 2809 993 2874 Nostri
1007 2810 1090 2893 Jesu
1105 2811 1238 2876 Christi
1258 2811 1302 2874 sit
1323 2826 1463 2890 semper
1477 2807 1591 2872 nobis-

364 2933 456 2980 cum.
477 2915 605 2981 Amen.

423 3023 505 3087 Non
519 3023 666 3102 inficior,
683 3025 732 3086 mi
746 3023 863 3104 Pater,
881 3025 965 3104 quin
980 3024 1105 3087 merito
1118 3024 1154 3088 in
1164 3040 1312 3087 numero
1326 3039 1449 3086 eorum
1464 3021 1591 3084 haben·

363 3131 429 3195 dus
445 3130 528 3210 sim,
550 3131 610 3211 qui
630 3148 711 3195 cum
725 3131 928 3212 praesentia
947 3131 1041 3195 bona
1061 3148 1132 3193 non
1149 3139 1294 3209 norunt,
1317 3129 1448 3194 amissa
1468 3136 1591 3208 postea

362 3238 501 3302 deflent.
528 3236 650 3319 Neque
674 3246 791 3301 tamen
821 3254 966 3317 possum
991 3255 1062 3301 non
1087 3236 1246 3301 confiteri
1270 3253 1376 3317 quam
1401 3234 1446 3298 sit
1471 3233 1594 3298 firmus

361 3353 466 3426 atque
485 3344 621 3409 stabilis
645 3361 746 3408 meus
771 3361 859 3424 erga
873 3354 909 3408 te
930 3361 1045 3425 amor,
1067 3343 1196 3426 quippe
1217 3360 1298 3407 cum
1318 3343 1414 3406 nulla
1433 3342 1593 3406 locorum

363 3453 542 3533 distantia,
561 3453 658 3516 nulla
673 3453 842 3533 temporis
858 3451 1082 3532 diuturnitaS,
1098 3452 1195 3515 nulla
1210 3467 1398 3531 corporum
1414 3447 1592 3529 separatio

362 3559 501 3623 ellicere
515 3559 638 3640 possit,
655 3569 693 3623 ut
708 3559 858 3635 animus,
875 3561 984 3622 semel
1000 3558 1172 3623 charitate
1187 3547 1317 3622 Christi
1332 3556 1530 3634 devinctus,
1545 3555 1589 3618 ab

364 3665 479 3728 officio
505 3684 549 3728 ne
574 3667 748 3730 tantillum
771 3667 913 3747 quidem
937 3666 1090 3730 recedat.
1117 3663 1187 3729 Sed
1211 3665 1254 3728 de
1277 3665 1345 3728 hoc
1367 3663 1470 3740 satis,
1492 3679 1537 3726 ne
1557 3662 1593 3724 in

364 3770 459 3834 aliud
474 3789 668 3852 erumpam.
685 3773 763 3836 Hoc
778 3782 896 3837 tamen
912 3791 1020 3836 unum
1031 3773 1125 3837 scias
1136 3771 1253 3850 velim,
1269 3769 1356 3835 nihil
1369 3769 1456 3834 mihi
1467 3767 1587 3848 jucun·

362 3877 441 3941 dius
456 3877 639 3957 accidisse,
657 3880 820 3959 quamsi,
835 3896 942 3960 quam
955 3880 1060 3943 modo
1076 3879 1204 3943 absens
1221 3877 1498 3958 haudquaquam
1512 3875 1590 3939 reti·

363 4002 448 4048 nere
462 4001 618 4064 possum,
632 3984 695 4049 tibi
709 4002 832 4049 coram
846 4003 962 4050 meam
977 4003 1063 4066 erga
1078 3996 1113 4050 te
1127 3987 1347 4049 voluntatem
1361 3983 1521 4064 apertius
1535 3981 1590 4044 de·

357 4093 551 4155 clararem.
1419 4151 1421 4156 ,

424 4195 673 4277 Superioribus
684 4199 808 4263 diebus
819 4199 865 4262 ad
876 4210 910 4264 te
920 4200 1021 4263 binas
1032 4200 1112 4263 dedi
1123 4193 1260 4263 littera's
1270 4217 1342 4262 non
1350 4214 1420 4261 uno
1433 4205 1592 4277 tempore

363 4305 532 4385 scriptas;
550 4305 644 4370 haud
658 4308 733 4371 scio
748 4325 794 4371 an
809 4307 871 4370 tibi
885 4308 955 4371 sint
969 4306 1138 4371 redditae.
1155 4306 1186 4370 N
1189 4323 1256 4370 unc
1270 4293 1406 4384 tamen,
1423 4303 1591 4384 quoniam

364 4411 400 4474 id
415 4411 478 4476 tibi
492 4412 669 4492 pollicitus
689 4430 782 4493 sum,
803 4413 987 4477 tabellario
1006 4413 1157 4477 Romam
1177 4411 1414 4494 proficiscenti
1432 4409 1593 4474 nonnihil

406 4692 414 4724 ¹
444 4691 484 4734 Ex
499 4691 704 4746 autographam
721 4689 816 4746 duplici
832 4691 899 4743 lolio,
909 4692 950 4735 cul
965 4695 1048 4744 erant,
1060 4691 1085 4736 ln
1101 4690 1210 4746 pristino
1225 4689 1343 4734 Archlvll
1358 4689 1455 4740 ordine.
1468 4689 1554 4734 ommi
1567 4695 1591 4733 et

364 4763 415 4817 ³92,
427 4771 492 4808 nnnc
503 4769 590 4808 autem
598 4767 657 4807 sunt
667 4763 681 4806 3
690 4768 716 4808 et
726 4764 747 4807 4.
