3400 5532
351 513 407 574 284
738 511 912 572 erraaas
931 527 1204 580 ouantrussruas

351 657 523 739 proficere
543 665 710 738 pergant,
736 665 948 737 nostraeque
969 655 1218 737 expectationi,
1239 674 1331 738 quae
1350 657 1508 738 ipsorum
1528 667 1588 719 est

351 765 461 843 saltu,
478 763 612 828 saciant
626 765 725 828 satis.

413 869 554 952 Optime
567 872 728 952 procedit
741 871 893 936 Aethica
908 871 1023 951 lectio,
1045 887 1153 952 quam
1166 871 1203 934 in
1221 867 1326 950 hujus
1344 869 1487 934 scholae
1500 885 1587 950 gra·

351 977 438 1042 tiam
459 987 601 1058 praeter
619 995 755 1042 morem
773 986 930 1042 veterem
949 977 1133 1059 profitetur
1151 975 1257 1040 Pater
1271 975 1453 1056 NicolauS,
1469 977 1586 1058 publi-

349 1101 432 1148 cam
441 1093 631 1165 propterea
645 1085 786 1148 laudem
796 1085 1022 1166 promeritus
1035 1091 1074 1148 ut
1088 1083 1195 1148 etiam
1205 1083 1301 1167 Juris
1311 1083 1488 1148 Doctores
1503 1083 1585 1148 mit·

351 1199 429 1256 tant
443 1191 490 1255 ad
504 1193 601 1255 illum
616 1209 701 1255 suos
716 1191 907 1256 auditores,

411 1298 496 1363 Plus
509 1299 654 1362 honoris
667 1298 812 1364 offertur
827 1298 946 1378 nobis,
968 1315 1077 1380 quam
1095 1297 1198 1362 fateri
1217 1296 1424 1362 debeamus:
1445 1298 1586 1360 utinam

350 1405 466 1470 minor
481 1405 696 1469 existimatio
710 1405 822 1470 nostri
840 1403 849 1436 ¹
865 1405 1047 1487 majorque
1060 1414 1256 1487 proventus
1267 1404 1467 1468 animarum
1480 1419 1584 1467 acce-

351 1511 461 1586 deret3
478 1511 614 1575 utinam
628 1512 664 1575 in
676 1513 877 1577 animorum
889 1511 1097 1576 affectibus¹
1111 1511 1146 1576 id
1161 1509 1309 1590 efficere,
1326 1510 1420 1591 quod
1434 1509 1471 1574 in
1483 1509 1583 1590 inge·

350 1618 430 1698 niiS,
443 1618 655 1682 valeremus.
668 1617 878 1684 Declaravit
892 1637 994 1683 suam
1008 1635 1094 1700 erga
1107 1636 1173 1683 nos
1187 1617 1470 1682 benevolentiam
1482 1615 1582 1680 Prin·

350 1741 435 1806 ceps
455 1741 536 1788 cum
554 1742 667 1806 nuper
688 1726 850 1790 adesset:
879 1743 945 1790 nec
968 1725 1097 1790 minori
1121 1725 1246 1789 favore
1267 1741 1333 1788 nos
1356 1723 1584 1805 prosequitur

351 1831 592 1897 Cancellarius
614 1833 834 1914 academiae,
857 1833 1020 1914 idemque
1041 1831 1277 1913 Eystettensis
1296 1829 1502 1911 Episcopus,
1519 1831 1583 1910 qui

349 1938 424 2002 suis
434 1955 501 2002 nos
510 1939 622 2003 literis
634 1950 795 2005 amanter
806 1941 1020 2020 consolatur,
1034 1939 1093 2021 qui
1105 1937 1318 2002 Societatem
1329 1937 1421 2000 hanc
1438 1953 1583 2000 onmem

348 2054 498 2126 paterno
515 2055 611 2110 certe
626 2045 754 2110 affectu
769 2046 1024 2127 complectitur,
1041 2045 1102 2126 qui
1121 2061 1250 2109 aureos
1272 2043 1366 2107 mille
1381 2041 1456 2123 jam
1475 2043 1583 2108 offert

350 2152 397 2216 ad
410 2153 523 2216 nostri
536 2162 754 2219 structuram
767 2153 918 2233 collegii.
941 2153 1036 2217 idem
1058 2151 1215 2216 consiliis
1229 2150 1303 2214 suis
1317 2165 1487 2229 magnum
1501 2167 1579 2230 per·

349 2259 461 2322 movit
475 2258 796 2341 Archiepiscopum
810 2259 1039 2336 Germanum,
1056 2268 1095 2323 ut
1108 2257 1296 2337 collegium
1311 2265 1346 2320 et
1359 2256 1436 2338 ipse
1451 2257 1578 2337 promi-

348 2365 436 2428 serit
451 2366 583 2429 nostris
598 2366 824 2430 constituere.

409 2469 542 2534 Christi
555 2472 673 2551 gratia
687 2489 766 2536 sum
781 2488 848 2551 ego
859 2470 934 2552 jttm
948 2471 1135 2536 defunctus
1153 2489 1315 2552 munere,
1331 2487 1437 2553 quem
1451 2469 1580 2534 Recto-

349 2583 467 2640 ratum
480 2588 627 2656 vocant,
645 2579 775 2659 inquo,
797 2579 863 2642 etsi
882 2578 1042 2643 laborum
1062 2589 1096 2642 et
1115 2579 1356 2642 molestiarum
1377 2577 1470 2641 bona
1491 2593 1581 2657 pars

348 2681 448 2762 insit,
471 2699 561 2762 quae
579 2701 652 2748 non
666 2684 771 2749 valde
791 2685 967 2749 conducat
988 2684 1034 2748 ad
1054 2685 1209 2750 fructum
1232 2685 1467 2766 spiritualem,
1489 2691 1578 2748 atta·

348 2805 430 2852 men
444 2789 603 2853 nonnihil
618 2791 741 2854 datum
760 2800 813 2856 est
833 2808 897 2855 cur
917 2791 1091 2856 bonorum
1112 2791 1253 2855 authori
1271 2801 1306 2854 et
1324 2790 1414 2855 sonti
1434 2807 1506 2854 non
1527 2791 1578 2854 in·

347 2895 443 2975 grati
462 2913 540 2960 esse
561 2897 763 2962 debeamus.
787 2896 959 2962 Fatentur
979 2907 1102 2980 aperte
1120 2897 1235 2975 multi,
1257 2897 1434 2962 studiosos
1453 2897 1490 2960 in
1510 2898 1579 2961 hoc

347 3003 560 3080 magistratu
572 3004 688 3083 egisse
700 3019 807 3084 quam
817 3004 955 3068 soleant
969 3004 1173 3084 modestius;
1190 3003 1387 3067 communis
1400 3003 1467 3067 fuit
1481 3013 1578 3068 tran·

347 3109 513 3190 quillitas,
531 3110 728 3174 etiamtum
743 3127 852 3192 quum
871 3111 1078 3175 tumultuari
1097 3121 1132 3174 et
1147 3110 1361 3175 debacchari
1374 3126 1456 3174 cum
1470 3112 1579 3174 venia

346 3231 452 3297 posse
464 3216 639 3296 videntur,
654 3216 752 3281 feriis
767 3217 902 3282 scilicet
916 3217 1211 3282 Bacchanalibus.
1228 3215 1411 3280 Notandos
1426 3217 1579 3280 haereti-

347 3339 482 3400 corum,
498 3324 558 3404 qui
572 3324 771 3404 exstabant,
786 3324 896 3388 libros
912 3325 1131 3403 curavimus;
1144 3342 1189 3388 ne
1205 3325 1445 3388 venderentur
1459 3323 1576 3404 probi·

346 3429 457 3493 bitum
482 3441 546 3508 est,
566 3447 656 3494 neve
682 3449 728 3495 ex
746 3441 905 3494 mercatu
924 3430 993 3494 huc
1014 3430 1163 3512 amplius
1183 3431 1398 3495 inferrentur
1420 3433 1580 3512 suspecti

346 3537 530 3616 authoreS,
546 3537 606 3618 qui
620 3538 872 3602 Grammaticis
893 3539 1017 3616 etiam,
1040 3547 1075 3602 et
1094 3537 1300 3602 Dialecticis
1318 3546 1354 3601 et
1373 3537 1578 3602 Rhetoricis

344 3643 445 3707 libris
459 3655 564 3725 atque
578 3645 779 3726 praeceptis
790 3661 929 3708 venena
943 3645 1145 3724 praesentia
1159 3644 1470 3710 commiscuerunt.

407 3747 603 3813 Graviores
617 3752 759 3831 abusus,
773 3752 833 3833 qui
847 3751 962 3815 subito
976 3752 1171 3833 leviterque
1185 3751 1259 3815 tolli
1273 3769 1346 3815 non
1356 3767 1463 3832 posse
1477 3751 1574 3816 vide·

346 3856 485 3934 bantur,
518 3856 610 3937 quod
639 3860 709 3921 alte
737 3859 877 3922 radices
905 3858 1075 3938 egissent,
1106 3858 1313 3938 collegimus
1337 3859 1374 3922 in
1402 3857 1578 3939 scriptum

346 3977 467 4040 unum,
484 3963 651 4027 collectos
666 3964 825 4028 misimus
846 3965 891 4028 ad
905 3963 983 4046 ipsa
998 3964 1106 4028 totius
1122 3965 1327 4028 academiae
1341 3964 1475 4045 capita,
1493 3982 1579 4046 quo·

346 4085 426 4132 rum
440 4068 476 4132 id
490 4071 673 4150 proprium
688 4081 742 4134 est
756 4071 934 4135 communi
955 4070 1098 4134 scholae
1120 4069 1263 4154 utilitati
1283 4081 1317 4135 et
1331 4070 1580 4135 reformationi

346 4175 546 4256 providere.
572 4175 671 4240 Haec
695 4195 752 4242 res
772 4177 943 4242 minorem
967 4177 1135 4242 conflavit
1158 4178 1259 4241 nobis
1284 4178 1455 4242 invidiam
1481 4179 1578 4260 apud

346 4283 535 4362 studiosos,
557 4285 616 4363 qui
634 4302 748 4366 neque
767 4304 789 4349 a
808 4285 910 4349 nobis
930 4286 1103 4349 adversus
1124 4293 1174 4348 tot
1198 4286 1343 4349 morbos
1362 4285 1575 4348 medicinam

346 4391 524 4470 recepturi
542 4389 646 4455 facile
665 4391 887 4472 videbantur,
908 4400 943 4454 et
967 4391 1132 4456 liberavit
1153 4392 1260 4456 etiam
1279 4411 1301 4455 a
1320 4391 1478 4472 periculo
1494 4409 1575 4456 con-

345 4496 541 4576 scientiam,
558 4498 599 4575 si,
613 4498 708 4579 quod
718 4500 899 4578 vellemus,
916 4508 1098 4580 praestare
1111 4499 1196 4561 satis
1208 4515 1280 4562 non
1293 4500 1484 4579 potuimus.
1500 4498 1578 4563 Nec

353 4617 561 4634 *-

388 4665 397 4700 ¹
426 4663 520 4708 Nostri
529 4665 645 4710 additum
656 4673 694 4710 est
705 4677 721 4710 a
732 4665 851 4710 Polanco.

386 4737 398 4770 ¹
424 4735 530 4780 Animis
541 4737 666 4792 canisium
679 4739 832 4782 animorum
844 4739 987 4792 affectibus
997 4738 1130 4784 Poluncus.
