3400 5524
355 501 410 560 258
543 515 545 520 ·
741 500 910 560 Ltrrauas
929 519 1198 568 Quaburuusrnas

413 647 501 711 Cum
514 647 603 709 haec
619 656 821 725 agerentur,
838 647 981 710 advenit
996 645 1034 708 P.
1051 646 1197 726 Doctor,
1214 649 1274 727 qui
1289 665 1450 712 unacum
1467 649 1584 712 fratri·

353 755 418 817 bus
433 754 526 816 illico
542 753 681 832 Burgos
695 754 960 834 profisciscitur;
984 771 1053 834 quo
1072 769 1153 817 cum
1172 755 1433 835 pervenissent,
1458 756 1583 819 eodem

353 860 408 924 die
423 860 584 940 Baptista
605 861 642 923 in
660 862 778 940 platea
796 860 952 940 publica,
975 876 1086 940 eaque
1108 860 1341 940 amplissima,
1362 879 1579 940 praeconem

353 983 464 1045 agens
484 967 742 1045 evangelicum,
767 966 915 1029 verbum
934 965 1003 1028 Dei
1022 966 1259 1047 praedicavit;
1275 968 1322 1031 ad
1341 966 1441 1046 cujus
1453 986 1580 1032 vocem

352 1073 493 1154 plurimi
514 1073 566 1136 rei
584 1073 745 1136 novitate
761 1072 900 1136 attoniti
919 1073 1035 1135 subito
1055 1084 1326 1151 concurrerunt;
1348 1075 1414 1137 etsi
1428 1085 1581 1154 postmo·

353 1181 446 1257 dum,
464 1178 609 1259 cognita
624 1178 699 1260 ejus
710 1177 872 1242 doctrina
887 1188 922 1241 et
933 1179 1080 1259 spiritus
1094 1179 1322 1259 abundantia,
1335 1181 1584 1244 vehementius

353 1287 621 1365 demirarentur,
637 1285 751 1349 Deum
767 1286 803 1347 in
818 1303 860 1347 eo
872 1285 1057 1348 laudantes
1071 1303 1114 1348 ac
1129 1285 1392 1351 benedicentes:
1409 1287 1583 1366 Magister

353 1403 470 1457 autem
484 1392 656 1472 Alvarcz,
677 1403 823 1474 propter
842 1393 1032 1456 adversam
1054 1393 1215 1473 corporis
1235 1394 1493 1473 valetudinem,
1514 1412 1583 1457 nec

353 1511 437 1564 tunc
452 1519 517 1564 nec
533 1509 656 1581 postea
671 1498 907 1581 praedicavit;
923 1498 1079 1563 nondum
1095 1499 1239 1578 etenim,
1257 1518 1323 1563 nec
1336 1499 1409 1581 jam
1425 1501 1581 1582 quidem,

353 1609 396 1671 ub
408 1606 610 1671 infirmitate
621 1607 812 1670 convaluit.
827 1605 931 1669 Mane
943 1607 1188 1686 subsequentis
1200 1607 1269 1669 diei
1283 1607 1404 1671 invisit
1419 1607 1582 1689 Baptista

352 1731 412 1778 eos
427 1715 486 1795 qui
501 1731 645 1778 carcere
659 1715 786 1777 inclusi
801 1714 1020 1791 tenebantur,
1035 1713 1159 1794 quibus
1175 1724 1209 1775 et
1223 1730 1299 1776 rem
1310 1713 1469 1778 divinam
1483 1713 1582 1794 fecit,

352 1832 386 1884 et
414 1822 562 1885 verbum
591 1821 750 1884 divinum
782 1820 1054 1898 evangelizavit.
1085 1821 1137 1882 Eo
1166 1837 1328 1883 sermone
1356 1837 1584 1902 summopere

352 1939 432 1992 sunt
447 1928 629 2006 consolati,
652 1929 780 1991 obnixe
796 1936 965 2005 rogantes
979 1935 1016 1988 ut
1036 1926 1209 2007 frequenti
1228 1924 1400 2005 ejusmodi
1414 1927 1582 1992 exhorta·

351 2038 445 2099 tione
460 2054 521 2098 eos
535 2038 710 2098 solaretur
725 2044 759 2097 et
773 2035 966 2112 animaret,
992 2034 1085 2113 quod
1102 2042 1139 2096 ut
1161 2033 1294 2096 faceret
1308 2035 1399 2096 ultro
1415 2051 1583 2098 nummos

351 2143 554 2205 offerebant.
571 2140 745 2204 Paulatim
765 2151 901 2218 autem,
925 2158 963 2202 se
982 2139 1197 2203 diffundente
1212 2140 1335 2203 notitia
1352 2149 1387 2203 et
1400 2139 1582 2220 fragranti

351 2250 459 2311 odore
473 2249 629 2326 Patrum,
642 2249 837 2310 accersitus
848 2257 900 2309 est
912 2246 950 2308 Ρ.
963 2245 1207 2309 Ferdinandus
1220 2246 1373 2309 Alvarez
1389 2249 1581 2328 aquodam

350 2355 521 2418 coenobio
547 2354 806 2433 religiosarum,
828 2352 922 2432 quod
941 2351 985 2415 D.
1007 2352 1160 2432 Aegidio
1181 2363 1234 2415 est
1255 2358 1514 2432 consecratum,
1543 2365 1583 2417 ut

350 2478 412 2524 eas
426 2479 447 2522 a
462 2461 571 2523 multo
586 2469 746 2539 tempore
759 2476 888 2537 magna
909 2460 999 2522 inter
1014 2477 1051 2521 se
1066 2460 1243 2523 simultate
1259 2477 1301 2522 ac
1317 2459 1497 2522 discordia
1512 2461 1584 2524 dis-

351 2567 515 2645 sidenteS,
532 2575 675 2629 mutuae
690 2567 789 2646 pacis
804 2565 945 2628 vinculo
966 2583 1008 2628 ac
1024 2566 1168 2646 spiritus
1184 2565 1318 2628 unitate
1333 2564 1581 2646 conjungeret;

350 2673 445 2753 quod
460 2681 495 2735 et
508 2672 638 2752 effecit,
661 2672 853 2734 auxiliante
866 2671 954 2751 De0,
967 2689 1097 2752 easque
1110 2689 1243 2752 omneS,
1256 2673 1403 2752 praevia
1415 2682 1580 2752 peccato-

349 2797 428 2843 rum
440 2780 672 2855 confessione,
689 2778 829 2842 Christo
844 2777 996 2841 Domino
1011 2778 1266 2841 reconciliavit.
1288 2777 1377 2841 Tam
1397 2777 1445 2858 pii
1460 2782 1581 2859 operis

350 2886 502 2950 fructum
518 2887 637 2949 statim
651 2886 849 2966 praesensit
861 2885 1075 2948 christianae
1091 2884 1276 2947 charitatis
1291 2902 1333 2948 ac
1348 2885 1448 2965 pacis
1463 2886 1582 2950 hostis

350 2994 502 3056 invidus.
519 2992 607 3074 Ipsis
619 2993 710 3055 enim
725 2992 799 3072 jam
813 2991 891 3055 Deo
906 3010 969 3054 suo
985 2991 1119 3072 sibique
1133 2993 1288 3054 invicem
1301 2993 1403 3070 plene
1418 2995 1581 3056 reconci-

348 3101 455 3178 liatis,
473 3117 556 3162 ecce
571 3099 613 3162 de
629 3099 823 3179 improviso
844 3099 1027 3162 sacrificus
1042 3099 1201 3182 quidam,
1225 3098 1318 3161 illius
1339 3099 1498 3162 coenobii
1520 3101 1581 3162 ad·

349 3207 490 3270 modum
515 3206 713 3280 familiaris
739 3205 792 3269 ira
817 3205 982 3285 percitus,
1014 3203 1100 3268 adiit
1129 3205 1392 3268 Ferdinandum
1419 3204 1583 3270 Alvarez

347 3331 496 3393 eumque
512 3313 563 3376 sic
583 3313 789 3393 compellat:
805 3312 876 3375 Cur
891 3312 949 3375 isti
963 3313 1122 3390 negoti0,
1138 3330 1194 3376 me
1209 3311 1321 3374 inscio
1337 3320 1441 3391 atque
1456 3311 1582 3376 incon·

347 3420 450 3500 sulto,
464 3419 646 3483 interseris
661 3418 907 3481 auctoritatem
922 3419 1037 3481 tuam?
1052 3435 1169 3480 nonne
1193 3417 1361 3481 decuerat
1381 3434 1487 3497 super
1507 3419 1583 3482 hac

347 3543 384 3589 re
400 3527 499 3607 prius
514 3543 570 3589 me
585 3525 783 3588 consulere?
797 3524 835 3588 P.
852 3524 1018 3599 Alvarcz,
1035 3541 1184 3587 cernens
1200 3524 1377 3588 hominem
1392 3525 1583 3604 perturba-

346 3634 440 3695 tione
453 3641 676 3707 commotum,
691 3647 771 3694 curn
783 3647 920 3693 summa
933 3621 1042 3693 animi
1052 3631 1222 3694 modestia
1235 3639 1269 3693 et
1277 3631 1447 3710 patientia
1458 3631 1584 3711 primo

347 3739 442 3801 audit
458 3739 710 3818 increpantem;
727 3737 864 3814 deinde,
878 3737 923 3798 ad
934 3753 1051 3814 genua
1063 3740 1281 3817 provolutus,
1295 3738 1437 3800 veniam
1449 3737 1587 3801 bumil-

346 3846 427 3907 lime
446 3844 620 3925 postulat;
642 3861 711 3924 quo
727 3843 817 3922 viso,
834 3845 924 3906 alter
938 3843 1203 3922 obstupefactus
1217 3844 1387 3922 redditur,
1404 3853 1438 3905 et
1457 3842 1587 3908 Patris

346 3951 541 4013 humilitate
567 3949 690 4031 suique
713 3949 824 4028 ipsius
849 3950 1047 4012 temeritate
1071 3951 1175 4028 plane
1202 3948 1385 4028 confusuS,
1406 3950 1585 4016 mitescit.

344 4057 409 4120 His
425 4057 473 4120 ita
487 4056 654 4137 peractis
670 4055 708 4117 P.
725 4054 859 4118 Doctor
874 4055 1041 4134 expedire
1058 4054 1231 4133 judicavit
1250 4057 1281 4119 si
1299 4056 1380 4120 inde
1401 4055 1438 4118 in
1457 4055 1588 4121 diver-

343 4181 404 4226 sos
418 4180 530 4244 pagos
546 4173 582 4226 et
600 4161 729 4242 oppida
745 4161 837 4224 illius
852 4161 1023 4226 dioecesis
1038 4161 1319 4241 dispertirentur.
1336 4162 1439 4226 Prius
1453 4171 1590 4229 tamen

342 4287 448 4350 quam
464 4270 499 4332 id
514 4269 624 4343 ficret,
641 4285 764 4331 curam
776 4276 810 4330 et
822 4270 971 4331 salutem
985 4269 1149 4346 magistri
1162 4268 1311 4351 Joannis
1325 4268 1482 4332 Alvarez
1494 4271 1591 4336 viro

342 4375 482 4439 cuidam
506 4375 673 4454 probat0,
700 4383 914 4454 nostraeque
939 4373 1107 4436 Societati
1133 4373 1366 4454 deditissimo,
1395 4378 1595 4444 commisit

342 4491 446 4562 atque
461 4479 732 4544 commendavit.
749 4479 869 4560 Itaque
886 4478 922 4541 P.
939 4478 1076 4542 Doctor
1087 4479 1198 4542 tendit
1212 4478 1257 4542 ad
1269 4497 1384 4560 pagos
1396 4491 1430 4543 et
1441 4483 1591 4562 oppida

341 4587 511 4669 quaesibi
526 4596 620 4649 sorte
635 4585 851 4665 obtigerant,
869 4603 910 4649 ea
927 4587 1134 4649 visitaturus
1150 4596 1195 4663 et,
1212 4587 1323 4667 siqua
1338 4587 1478 4651 ratione
1492 4608 1594 4670 pos-

340 4703 408 4773 set,
425 4693 512 4755 vitia
528 4700 770 4770 correcturus,
788 4693 979 4771 opitulante
995 4692 1164 4771 Domino,
1181 4691 1382 4774 inquorum
1404 4703 1595 4782 quatuor,
