935 1458
315 171 345 185 Ax.
357 171 391 185 1532
633 172 660 186 033

48 210 151 227 purgarunt.
163 207 225 223 Mulier
235 208 331 227 quaedam,
345 208 405 223 relicto
415 208 467 223 cubili
481 208 576 224 incestuosi
587 208 658 228 presby-

47 235 84 253 teri,
92 238 168 254 quocum
174 238 206 250 sex
212 236 259 250 totos
267 238 323 249 annos
331 237 421 254 exegerat,
430 234 500 250 tandem
508 235 584 250 contrita
592 235 659 250 conses-

47 266 101 281 suque
109 261 169 277 multis
176 265 216 277 cum
224 261 314 281 lacrymiS,
325 261 346 276 ad
355 261 446 277 meliorem
454 264 529 277 mentem
537 266 575 277 sese
587 262 658 281 recepit.

47 288 115 307 Altera,
124 288 218 307 prostituta
226 292 236 303 a
244 290 300 303 matre
308 288 351 307 filia,
363 288 380 303 in
388 292 427 303 eam
435 288 547 308 turpitudinis
555 288 659 308 voraginem

47 317 84 330 erat
94 315 178 334 prolapsa
186 317 205 329 ut
215 314 245 330 vix
255 318 294 329 sese
304 318 413 330 emersuram
424 314 517 334 aliquando
528 317 615 335 speraret,
629 315 660 331 sed

47 341 113 361 potenti
122 341 187 357 Christi
195 341 258 356 dextra
265 341 342 356 eluctata
349 344 376 356 εει
383 341 455 357 tandem
464 344 482 357 et
489 346 499 357 a
507 342 572 357 diaboli
580 341 660 357 faucibus

46 371 113 388 erepta.
123 368 203 387 Quidam,
212 368 308 383 tentatione
317 368 393 388 quadam
401 368 509 388 exagitatus,
518 373 558 384 cum
565 373 604 384 sese
611 373 660 388 prae-

46 395 118 415 cipitem
126 395 154 410 bis
164 398 213 410 terve
223 394 242 410 in
249 398 298 410 mare
309 394 394 414 dedisset,
408 395 494 415 totiesque
502 394 567 414 divino,
576 395 622 415 quod
630 395 659 410 rni-

46 422 93 437 nime
100 421 204 440 invocabat,
212 421 279 436 auxilio
287 421 357 436 illaesus
368 421 463 440 evasisset,
473 422 517 437 tanti
526 421 610 437 facinoris
620 426 660 442 poev

45 448 137 464 nitentiam
145 448 187 467 egit,
196 447 258 463 Mulier
266 448 359 467 quaedam,
368 452 413 468 quae
420 452 488 463 veneno
496 452 514 463 se
522 453 586 464 necare
597 449 660 464 consti*

46 477 110 494 tuerat,
121 474 194 490 liberata
202 476 234 490 est.
246 474 369 490 Praetermitto
381 475 505 490 ardentissima
517 475 558 491 odia
569 475 660 495 restincta,

46 502 117 517 sedatas
123 501 224 516 inimicitias
230 504 246 516 et
253 501 293 519 alia,
300 505 322 516 ne
329 501 382 520 longa
388 501 489 517 narratione
497 501 582 521 epistolae
589 501 660 517 modum

46 528 139 544 excedam.

76 554 166 570 Habendis
174 559 205 574 per
212 555 266 570 multa
274 555 312 570 loca
321 554 426 574 diversaque
438 554 552 570 concionibus
559 559 595 570 non
603 559 660 575 parva

46 588 56 597 a
67 581 133 597 nostris
143 585 196 601 opera
206 581 318 601 impenditur.
330 580 416 596 Dominus
426 581 488 596 Petrus
499 581 617 597 Rivadeneira
624 586 659 597 non

45 609 101 624 solum
108 608 170 623 solitas
177 608 251 627 singulis
259 608 351 623 dominicis
358 608 376 623 in
383 607 425 623 Divi
433 607 511 627 Antonii,
519 607 581 627 majori
592 612 661 628 semper

45 635 136 651 hominum
143 634 249 655 frequentia,
260 635 355 650 conciones
365 635 482 654 prosequitur,
493 635 524 650 sed
532 635 572 650 alibi
580 639 659 650 nonnun-

45 666 98 682 quam
106 664 180 681 rogatus
189 666 200 676 a
207 661 295 676 nobil-ibus
305 661 426 677 concionatur*
438 661 471 677 Die
482 661 523 677 Divi
530 661 586 677 Marci
596 662 660 681 suppli-

46 688 146 704 cationibus
158 688 240 707 publicis,
254 687 344 703 Praetoris
354 690 427 707 rogatu,
439 688 462 703 ad
473 688 596 708 magistratum
608 693 660 708 popu-

47 716 117 735 lumque
125 715 162 730 sere
170 714 272 730 universum
280 715 419 734 extemporalem
429 719 474 734 pene
481 715 542 730 habuit
552 715 660 734 concionem,

46 746 90 762 quae
105 741 238 761 magistratibus
253 742 362 761 caeterisque
378 741 472 760 nobilibus,
486 742 515 761 qui
530 744 571 757 tunc
587 741 661 757 aderant

47 768 178 788 quamplurimi,
187 772 254 784 summe
264 768 358 787 satisfecit:
371 768 419 788 quod
426 772 461 783 non
470 769 526 784 solum
534 768 660 787 attentissimis,

47 800 90 815 quas
103 795 220 815 praebebant,
232 795 312 814 auribus,
324 795 391 810 crebris
404 795 474 810 nutibus
486 798 503 810 et
516 795 662 815 applaudentibus

47 822 160 838 concionanti
172 822 256 841 gestibus,
270 822 300 837 sed
314 822 373 837 multis
388 826 449 837 eorum
462 822 528 841 passim
543 821 661 837 disseminatis

48 848 208 869 praedicationibus
215 848 305 868 cognitum
316 851 348 864 est.
359 848 437 864 Fuerunt
445 848 498 863 etiam
506 848 605 868 probissimi
613 848 660 863 nobi-

48 876 142 895 lissimique
150 875 189 894 viri,
197 875 226 895 qui
232 879 329 894 sermones,
336 879 386 895 quos,
394 875 412 890 in
418 875 493 890 aliorum
499 875 624 894 congressibus
632 875 661 890 hn—

48 903 98 921 bites.
107 904 209 922 praesentes
217 902 318 921 audierant,
330 902 432 917 retulerunt.
443 901 459 917 A
467 902 529 921 quibus
539 902 661 922 praemonitus

48 930 78 945 {uit
86 929 174 945 Dominus
181 929 244 944 Petrus
251 931 270 944 ut
278 933 296 944 se
304 929 322 944 in
330 928 399 944 suturas
407 929 515 948 rogationes,
524 929 588 948 quibus
597 929 621 944 illi
633 929 661 944 tri-

51 956 81 971 bus
89 958 120 971 aut
128 958 202 976 quatuor
209 955 271 971 diebus
277 955 365 971 continuis
371 955 404 971 erit
410 955 454 971 sorte
461 955 606 974 concionandum,
613 960 662 975 prae>

51 985 105 1003 paret.
121 983 172 1002 Quod
184 982 258 998 arduum
272 982 389 998 concionandi
403 986 472 1002 munus,
486 982 620 998 molestissimae
633 983 662 998 do-

50 1010 100 1025 cendi
112 1009 191 1029 junctum
204 1009 316 1029 provinciae,
329 1009 392 1025 mirum
403 1009 474 1029 quantis
483 1009 521 1029 ipse
531 1009 608 1029 perferat
616 1009 662 1024 labo-

50 1037 101 1052 ribus.

77 1063 100 1079 D.
111 1063 186 1078 Michaffl
197 1062 201 1070 ¹
214 1063 270 1082 prima
285 1063 373 1079 dominica
386 1062 470 1083 cujusque
483 1063 548 1079 mensis
561 1063 584 1078 ad
596 1062 663 1078 nobiles

49 1092 147 1108 matronas,
159 1089 215 1109 primo
227 1094 295 1110 quoque
308 1090 336 1106 die
349 1090 417 1105 sabbati
430 1090 453 1106 ad
463 1090 571 1110 peccatrices
581 1089 663 1105 mulieres

50 1116 151 1132 concionari
161 1119 271 1136 perseverat,
285 1121 308 1133 ex
319 1117 368 1137 cujus
380 1117 494 1133 concionibus
504 1117 522 1132 in
531 1117 569 1132 dies
579 1116 663 1132 uberrimi

50 1143 108 1159 divina
121 1143 179 1162 gratia
191 1143 259 1159 fructus
272 1144 400 1164 producuntur;
411 1148 451 1160 narn
463 1147 479 1159 et
492 1144 559 1160 nobiles
571 1146 663 1159 matronae

51 1170 92 1185 fiunt
101 1170 218 1190 promptiores
229 1170 250 1186 ad
259 1171 387 1190 eleemosynas,
399 1171 473 1186 honesto
482 1170 612 1191 jungendam-um
623 1174 662 1185 cou-

71 1230 74 1237 ·
89 1230 143 1241 melun
149 1230 209 1241 Eatenus.
