3462 5534
676 527 740 584 Aa.
763 523 832 584 rma
1304 523 1360 582 605

134 691 203 736 non
220 681 337 753 potest
354 682 485 752 quanta
501 672 547 735 sit
562 672 701 734 illorum
716 671 845 752 pietas,
867 678 1036 750 quantum
1057 668 1239 747 religionis
1258 685 1358 734 amor

134 789 167 842 et
181 796 271 860 erga
285 797 353 842 nos
368 779 536 842 charitas.

191 886 355 949 Studium
373 903 512 966 quoque
531 884 753 948 xenodochia
772 894 807 948 et
827 901 990 948 carceres
1016 881 1190 947 invisendi
1210 899 1282 945 non
1302 881 1358 944 de·

132 992 208 1072 suit,
225 993 262 1054 in
277 992 403 1072 quibus
418 992 692 1055 consolabantur
707 990 855 1054 afflictos
870 1001 904 1054 et
919 990 965 1053 ad
980 989 1221 1053 confessiones
1236 989 1358 1052 cohor-

132 1101 312 1178 tabantur;
328 1099 420 1162 unde
435 1099 648 1177 factumest,
665 1098 785 1161 divino
800 1097 941 1160 favente
957 1097 1115 1173 numine,
1132 1107 1168 1158 ut
1188 1096 1356 1174 nonnulli,

132 1207 189 1286 qni
205 1224 270 1287 per
286 1204 408 1269 decern
424 1222 536 1268 annos
551 1204 791 1269 consessiones
807 1204 1082 1276 IntermIserant,
1098 1203 1238 1266 demum
1253 1202 1357 1266 confi·

132 1322 303 1390 terentur,
332 1321 436 1392 atque
462 1311 522 1375 alii
541 1329 607 1374 nos
626 1320 794 1390 rogarent
814 1321 852 1374 ut
871 1311 916 1374 ad
937 1328 975 1372 se
994 1309 1195 1389 frequenter
1214 1308 1357 1386 iremuS,

131 1418 222 1498 quod
240 1419 494 1481 consuetudine
510 1428 633 1481 nostra
648 1434 718 1480 non
734 1434 859 1497 parurn
875 1433 912 1479 se
929 1415 1101 1479 affirment
1116 1414 1291 1496 adjuvari.

188 1524 298 1588 Aliud
313 1543 384 1587 non
398 1524 549 1588 minoris·
558 1523 812 1587 aedificationis
827 1523 967 1587 accidit.
989 1523 1077 1586 Cum
1095 1521 1134 1585 Ρ.
1157 1521 1360 1585 Ludovicus

129 1631 285 1710 Pratum,
300 1632 344 1694 ab
360 1631 473 1694 amico
485 1631 622 1710 ductuS,
636 1648 717 1693 cum
729 1629 866 1694 duobus
877 1629 1045 1693 fratribus
1059 1637 1152 1692 esset
1166 1627 1357 1709 profectus,

130 1748 227 1801 tanta
244 1739 431 1802 multitudo
444 1747 481 1802 ut
496 1738 721 1801 confiteretur
736 1736 989 1813 concurrebat,
1006 1744 1044 1799 ut
1059 1744 1093 1798 et
1108 1752 1230 1798 coram
1244 1734 1359 1797 iratri-

129 1846 194 1906 bus
214 1845 401 1924 intemplo
421 1862 459 1906 sc
478 1853 742 1925 prosternerent
768 1844 891 1924 aliqui,
914 1841 1016 1922 quasi
1033 1841 1090 1922 jus
1109 1841 1279 1905 haberent
1300 1858 1358 1902 au-

130 1951 246 2014 diendi
268 1951 520 2014 consessiones.
547 1951 640 2014 Inter
665 1949 754 2012 hacc
779 1951 816 2013 in
839 1949 964 2012 eadem
988 1949 1074 2011 urbe
1098 1947 1184 2011 illud
1210 1948 1360 2026 contigit

129 2058 233 2138 quod,
251 2075 332 2121 curn
343 2056 483 2136 juvenis
497 2057 640 2137 quidam
655 2057 691 2120 in
706 2057 874 2120 extremis
888 2056 1078 2132 laboraret,
1096 2073 1209 2136 neque
1223 2054 1266 2118 de
1279 2073 1358 2118 con·

130 2164 282 2227 sessione
297 2165 486 2244 cogitaret,
503 2163 619 2227 effecit
633 2164 671 2227 P.
687 2163 891 2228 Ludovicus
903 2173 942 2226 ut
962 2179 1083 2225 secum
1103 2161 1361 2226 confessionem

130 2280 358 2350 peccatorum
372 2270 504 2334 Iaceret
519 2270 655 2352 sibique
670 2270 716 2334 ad
731 2269 897 2333 coelestia
911 2269 1008 2332 viam
1024 2268 1185 2332 munitet.
1200 2267 1359 2330 Charita-

130 2377 174 2440 ris
189 2377 344 2440 officium
358 2387 477 2440 movet
493 2388 530 2440 ut
544 2376 701 2440 nonnulli
716 2385 877 2439 nostrum
892 2375 1065 2455 aegrotiS,
1081 2375 1124 2438 de
1139 2391 1288 2456 quorum
1303 2392 1359 2438 sa·

129 2487 200 2548 lute
215 2484 435 2564 desperatur,
453 2485 615 2548 intersint
630 2495 664 2548 et
686 2483 936 2548 decedentibus
943 2531 951 2563 ,
972 2491 1010 2546 ut
1030 2498 1155 2545 eorum
1175 2481 1361 2544 animabus

129 2593 328 2670 consulant,
344 2591 487 2670 vigilias
505 2601 626 2671 agant.

185 2697 281 2762 Ante
293 2698 603 2778 quadragesimam
615 2697 787 2761 moniales
798 2694 982 2777 cujusdam
993 2695 1163 2774 coenobii,
1177 2695 1303 2757 litteris
1315 2693 1360 2756 ad

127 2803 163 2866 P.
176 2803 399 2868 Ludovicum
414 2805 541 2882 mIssiS,
555 2813 774 2884 rogaverunt
785 2813 823 2867 ut
835 2803 988 2884 aliquem
999 2789 1159 2866 nostrum
1172 2800 1264 2882 apud
1281 2800 1359 2864 illas

127 2911 249 2974 diebus
264 2910 451 2975 dominicis
465 2911 572 2974 totius
586 2910 880 2990 quadragesimae
895 2926 937 2972 ac
951 2908 1051 2972 festis
1074 2908 1166 2972 illius
1190 2907 1197 2938 ¹
1220 2907 1361 2982 concio-

127 3019 204 3081 nari
225 3019 456 3098 permitteret.
483 3018 570 3081 Item
595 3017 740 3081 alterius
760 3015 966 3080 monasterii
986 3032 1170 3078 sacrarum
1190 3013 1358 3079 foemina·

127 3142 204 3188 rum
218 3126 360 3188 nomine
372 3125 441 3188 viri
455 3123 598 3204 quidam
613 3122 774 3188 eumdem
795 3123 937 3186 Patrem
952 3131 1194 3188 convenerunt
1208 3130 1246 3183 ut
1267 3120 1360 3184 idem

126 3231 192 3294 sibi
210 3230 433 3294 concederet.
455 3230 644 3295 Praeterea
664 3230 831 3308 societas,
854 3246 961 3310 quarn
981 3238 1113 3290 vocant
1131 3225 1195 3290 Sti.
1217 3226 1359 3306 Angeli,

127 3339 288 3415 alterum,
298 3338 359 3417 qui
368 3336 460 3400 idern
468 3337 659 3416 iisdemque
668 3336 791 3400 diebus
798 3344 1006 3416 praestaret,
1017 3333 1212 3414 requisivit.
1226 3333 1359 3412 Quibus

128 3443 418 3508 satisfaciendum
432 3443 496 3506 fuit
510 3452 559 3520 et,
578 3452 615 3506 ut
630 3460 830 3523 speramus,
847 3459 918 3505 non
933 3441 1009 3504 sine
1024 3456 1154 3519 magno
1169 3441 1358 3503 multarum

129 3552 328 3614 animarum
343 3552 587 3613 emolumento.
601 3549 698 3613 Idem
708 3550 890 3629 requirunt
901 3548 1017 3611 adhuc
1031 3547 1172 3610 illorum
1187 3547 1358 3624 nonnulli;

129 3658 247 3720 nescio
264 3675 310 3720 an
325 3657 548 3719 concedetur.
565 3655 621 3719 Fit
643 3656 737 3719 enim
755 3653 954 3735 hujusmodi
973 3653 1264 3732 occupationibus
1287 3671 1359 3716 non

129 3765 216 3826 levis
231 3762 428 3826 studiorum
439 3761 591 3843 jactura.

187 3868 226 3932 P.
243 3869 458 3948 LudovicuS,
476 3870 676 3932 intermissa
692 3867 905 3932 christianae
920 3867 1103 3930 doctrinae
1127 3865 1356 3946 expositione,

129 3977 320 4040 conciones
334 3976 455 4038 babuit
470 3985 515 4053 et,
532 3987 571 4039 ut
585 3975 748 4050 arbitror,
765 3974 906 4038 habebit
921 3973 957 4036 in
972 3983 1163 4054 posterum.

186 4081 344 4145 Litterae
362 4099 407 4144 ex
428 4080 541 4160 India,
564 4099 653 4164 quas
669 4080 744 4144 fere
758 4081 869 4144 tribus
884 4079 1012 4143 abhinc
1027 4079 1205 4142 mensibus
1226 4077 1271 4142 ad
1291 4097 1358 4142 nos

130 4189 271 4266 misisti,
292 4188 408 4251 adhuc
429 4188 725 4251 circumferuntur
744 4197 778 4249 et
798 4187 986 4250 multorum
1001 4185 1162 4248 manibus
1182 4193 1356 4264 teruntur;

131 4297 166 4358 in
181 4296 299 4358 multis
316 4294 494 4358 coenobiis
515 4314 536 4358 a
551 4295 670 4358 multis
684 4293 925 4375 spIritualibus
940 4293 1039 4355 visae
1059 4300 1141 4355 sunt
1160 4301 1194 4354 et
1214 4292 1357 4371 requisi·

132 4411 202 4481 tae,
216 4419 288 4464 non
308 4401 383 4464 sine
404 4417 534 4480 magna
554 4401 753 4464 animarum
773 4397 1015 4462 aedificatione
1034 4398 1356 4479 consolationeque.

190 4507 378 4587 Reliquum
391 4517 460 4587 est,
477 4517 514 4571 ut
529 4507 572 4571 de
587 4506 712 4570 studiis
732 4524 869 4587 quoque
888 4504 1062 4568 addamus
1079 4521 1205 4584 pauca.
1230 4503 1267 4568 P.
1290 4504 1357 4568 Lu·

174 4749 181 4780 ¹
211 4749 285 4792 sestis
296 4749 366 4792 intra
377 4748 602 4802 quadragesimam
613 4747 815 4792 occurrentibus.
