3442 5538
751 489 923 550 Latmus
942 506 1213 558 Qutnmlresrutts

419 1594 461 1656 P.
476 1596 637 1694 Melchior
650 1595 764 1658 Nuflez

459 1695 549 1754 Patri
563 1693 706 1754 Martino
720 1694 761 1754 de
776 1693 898 1755 Sancta
913 1693 1010 1756 Cruz.

495 1792 714 1865 conimbrica,
731 1791 767 1851 27
780 1791 985 1884 Septembris
1001 1795 1070 1852 1547
1085 1794 1104 1854 ¹.

969 2027 994 2108 †

430 2244 484 2307 La
502 2260 615 2324 grapa
632 2250 668 2306 et
691 2259 759 2323 paz
784 2242 827 2306 de
841 2242 934 2308 IHU.
951 2242 1058 2307 XPO.
1074 2242 1191 2307 Nosso
1207 2243 1343 2308 Senhor
1364 2245 1439 2309 seia
1461 2263 1598 2329 sempre

364 2357 412 2415 cii
430 2367 551 2415 nosco.
568 2347 696 2414 Amen.

429 2455 475 2522 Se
495 2475 516 2519 ο
532 2456 686 2538 jugo'da
704 2455 898 2535 obedienca
917 2455 1011 2520 losse
1031 2466 1105 2520 tam
1128 2458 1231 2522 facile
1256 2468 1291 2522 et
1316 2475 1428 2522 suave
1450 2476 1540 2540 para
1560 2477 1598 2522 as

364 2580 498 2640 cousas
513 2564 557 2627 de
571 2562 812 2641 mortificacao
828 2563 874 2626 da
888 2563 1053 2642 vontade,
1067 2581 1170 2627 como
1183 2569 1202 2628 e
1214 2581 1304 2645 para
1318 2565 1487 2646 aquellas,
1500 2583 1523 2628 a
1533 2583 1599 2647 que

370 2671 417 2734 ho
433 2671 577 2751 proprio
593 2686 694 2733 amor
713 2677 748 2732 et
765 2678 869 2750 gosto
892 2669 1041 2749 inclina,
1057 2672 1129 2734 mui
1150 2670 1235 2734 facil
1256 2671 1350 2734 seria
1370 2670 1413 2734 de
1435 2672 1597 2750 abracar:

365 2778 454 2857 <ligo
469 2778 548 2857 isto,
565 2775 680 2854 Padre
694 2794 784 2856 meu,
801 2793 936 2858 porque
951 2778 1211 2841 mandandome
1226 2796 1247 2841 0
1261 2777 1376 2842 Padre
1390 2779 1479 2842 Luiz
1501 2778 1596 2844 Gon·

367 2887 468 2962 calez
482 2901 549 2964 que
564 2900 768 2948 escrevesse
782 2893 859 2947 esta
878 2902 900 2947 a
918 2883 1037 2948 Vossa
1054 2884 1131 2964 Β),
1152 2884 1326 2949 dandolhe
1346 2891 1428 2949 etita
1449 2887 1493 2951 de
1514 2887 1599 2950 todo

369 2992 417 3055 ho
432 3007 499 3073 que
514 3008 595 3072 qua,
612 2989 734 3071 depois
749 2989 792 3053 de
806 3007 872 3054 sua
886 2989 956 3069 ida,
972 3007 1115 3072 passou,
1128 2996 1171 3054 cll
1182 2991 1293 3055 muita
1304 2992 1440 3072 alegria
1452 2992 1598 3058 obedeci

366 3116 392 3161 a
408 3107 481 3164 tam
497 3098 585 3161 doce
599 3096 837 3177 mandameto,
854 3097 925 3161 assi
940 3115 1006 3178 por
1020 3106 1074 3161 ter
1088 3102 1194 3161 rezao
1210 3097 1254 3161 de
1268 3099 1389 3180 parlar
1410 3100 1512 3178 largo
1536 3118 1601 3180 por

369 3214 481 3287 carta,
498 3207 577 3287 pois
592 3204 729 3285 d’otttra
743 3205 903 3268 maneira
925 3211 994 3269 nao
1013 3221 1121 3285 posso
1142 3209 1184 3268 cil
1205 3204 1252 3267 ho
1271 3223 1352 3268 meu
1372 3205 1601 3270 dilectissimo

369 3313 485 3377 Padre
499 3311 631 3377 Sancta
646 3311 749 3390 cruz,
765 3319 864 3375 tanto
879 3329 962 3376 meu
975 3311 1095 3392 amigo
1112 3322 1147 3375 et
1169 3313 1245 3393 pai,
1268 3322 1303 3375 et
1321 3329 1389 3392 que
1408 3330 1476 3375 con
1499 3319 1602 3377 tanto

369 3438 470 3484 amor
485 3437 542 3485 me
555 3420 665 3500 guiou
678 3423 753 3482 tlto
768 3424 851 3498 tepo
865 3437 911 3482 no
926 3419 1092 3482 caminho
1107 3418 1152 3481 do
1166 3416 1314 3498 Senh0r‚
1331 3436 1434 3482 como
1455 3435 1523 3499 por
1545 3438 1602 3483 re-

369 3544 521 3590 novara
536 3523 706 3600 memoria
721 3525 785 3588 das
800 3542 949 3604 merces,
965 3542 1033 3605 que
1047 3523 1144 3588 Deos
1158 3524 1274 3588 Nosso
1289 3524 1426 3589 Senhor
1446 3533 1519 3589 tem
1539 3525 1605 3589 fei·

368 3643 425 3696 tas
444 3652 465 3697 a
480 3631 701 3714 Companhia
716 3641 836 3696 nestas
850 3641 971 3713 partes
985 3636 1028 3694 cii
1048 3632 1158 3694 muito
1180 3631 1294 3695 honor
1310 3649 1372 3695 seu
1387 3639 1421 3695 et
1441 3632 1512 3698 ben
1535 3632 1603 3722 tias

365 3739 493 3802 almas.
603 3807 605 3812 ,

431 3844 565 3926 Depois
580 3846 626 3909 da
639 3847 780 3926 partida
799 3846 843 3910 de
862 3846 980 3909 Vossa
999 3845 1041 3908 R.
1061 3844 1163 3909 fortio
1183 3845 1381 3909 mandados
1398 3846 1507 3929 Jorge
1526 3846 1604 3910 Mo-

367 3951 464 4015 ‘reira
479 3961 514 4015 et
528 3949 699 4016 Silvestre
712 3951 849 4016 Alonso
864 3970 885 4015 a
900 3951 1061 4030 Guarda‚
1084 3952 1175 4015 onde
1190 3951 1332 4015 andava
1352 3970 1374 4015 ο
1389 3950 1503 4016 Padre
1526 3951 1601 4016 No-

369 4059 481 4138 brega
491 4058 515 4140 ¹,
531 4059 616 4123 avia
630 4059 718 4139 dias;
734 4067 769 4123 et
780 4058 917 4123 licando
929 4056 1097 4123 Silvestre
1109 4057 1187 4122 Af.⁰
1198 4075 1253 4122 em
1265 4058 1489 4140 Bemespera,
1503 4061 1602 4124 onde

366 4167 464 4231 facia
478 4167 588 4229 multo
603 4164 730 4246 fructo,
743 4166 926 4246 pregando
940 4176 975 4229 et
989 4163 1138 4228 lacendo
1159 4165 1204 4226 ha
1220 4164 1383 4229 doctrina
1402 4182 1465 4229 aos
1483 4168 1599 4230 meni-

367 4291 445 4356 nos,
462 4279 532 4337 nao
549 4279 706 4337 somente
721 4273 769 4336 ali
782 4290 859 4336 mas
874 4290 939 4353 por
953 4271 1056 4335 todos
1071 4289 1111 4335 os
1125 4272 1268 4352 lugeres
1288 4257 1478 4350 derrador,
1497 4271 1605 4338 satis·

411 4517 419 4549 ¹
448 4515 489 4560 Ex
499 4515 670 4571 autographo,
687 4515 754 4571 quoti
771 4520 853 4559 totum
870 4521 909 4559 est
926 4525 1004 4558 manu
1021 4513 1048 4557 P.
1067 4511 1213 4558 Melchiorlr
1231 4511 1331 4566 Nulla,
1349 4513 1512 4568 quadruplici
1531 4515 1607 4572 lolio,

366 4587 526 4643 simili-³1⁹5,
538 4587 579 4630 39⁶
587 4593 614 4632 et
622 4587 839 4632 ltu-flatcinas
849 4587 931 4631 etium
943 4591 1146 4639 transumptum,
1158 4583 1239 4627 Romu
1249 4584 1282 4628 ud
1293 4582 1488 4640 Compluteuses
1497 4585 1606 4633 iratres

364 4661 482 4716 missum,
493 4660 518 4705 ln
530 4659 652 4705 Historia
662 4661 751 4712 varia,
761 4661 813 4705 voi.
822 4669 839 4714 t,
850 4660 893 4703 iol.
905 4658 1004 4702 tot-10⁹.

406 4733 420 4764 ¹
446 4731 527 4777 Putet
535 4731 688 4776 Emmanuel
698 4731 729 4776 rie
738 4731 869 4786 llobreoeu.
