935 1458
358 167 390 182 As,
401 167 435 182 1532
677 168 705 182 Δῑ77

100 206 144 223 natuy
152 206 168 219 et
176 204 235 219 multis
243 203 361 219 adnitentibus
369 203 434 219 frustra
442 206 461 219 ut
468 206 573 224 separarent
580 208 621 223 eos,
632 204 703 220 tandem

99 232 172 249 parentes
179 230 202 245 ad
210 234 242 245 nos
252 232 347 250 venerunt,
359 233 443 250 rogantes
453 232 472 246 ut
484 235 529 246 unus
539 232 619 246 nostrum
630 230 652 246 ad
663 235 703 246 eum

97 256 190 276 uccederet;
204 261 257 276 quam
270 257 381 276 provinciam
393 257 467 273 libenter
479 261 525 273 unus
538 259 617 273 nostrum
630 257 702 277 subivit,

98 288 125 299 nec
131 288 169 299 eum
177 284 254 303 reliquit,
263 284 305 303 quin
313 284 422 304 promitteret
431 284 502 299 omnino
510 288 529 299 se
540 284 654 300 dimissurum
663 288 703 300 con-

97 310 179 328 cubinam:
187 310 234 330 quod
242 313 259 326 et
267 310 313 329 fecit,
322 313 339 326 et
346 310 408 330 paucis
415 311 477 326 diebus
484 310 600 330 intermediis,
609 310 666 326 denuo
674 311 702 327 ad-

100 340 167 353 vocatus
174 339 201 353 est
209 337 293 353 sacerdos
301 337 323 353 ad
331 337 427 356 infirmum,
439 340 455 353 et
467 337 579 353 consessione
589 337 626 357 ejus
636 337 703 357 audita,

97 364 208 384 beneficioque
217 364 332 379 absolutionis
340 366 440 383 consecuto,
449 364 511 379 eadem
519 366 571 379 nocte
577 364 671 384 migravit,
678 365 703 380 uti

96 394 180 410 speramus
187 390 206 406 iu
213 390 295 410 Domino,
304 390 327 406 ad
333 390 427 406 coelestem
435 390 518 410 patriam,

121 416 218 437 Quaedam,
231 421 277 437 quae
289 416 350 432 decem
362 419 379 432 et
392 419 433 432 octo
444 421 502 432 annos
511 416 581 433 vixerat
590 417 609 433 in
622 417 703 433 concubi·

96 446 139 463 natu,
147 447 233 463 persuasa
241 448 251 459 a
259 443 363 463 quibusdam
370 443 440 462 vicinis¹
449 443 479 463 qui
487 445 552 459 octavo
559 448 629 464 quoque
637 443 666 459 die
672 448 703 459 no-

96 469 118 485 bis
128 470 241 490 confitentur,
251 472 270 486 ut
282 470 371 486 desineret
380 469 438 486 Deum
450 469 550 490 offendere,
563 470 586 486 ad
599 470 704 486 concionem

96 496 183 517 aliquando
191 497 276 516 adducta,
284 496 307 512 ad
314 496 412 517 perfectam
422 500 495 512 suorum
505 498 621 517 peccatorum
628 496 703 513 detesta-

96 523 153 539 tionem
160 523 250 544 pervenit,
258 523 388 539 confessionem
397 523 500 543 generalem
507 523 558 543 feeit,
570 526 587 539 et
599 526 704 543 perseverat

95 550 157 566 decimo
163 552 228 570 quarto
235 554 305 570 quoque
312 550 341 566 die
348 549 437 570 confiteri;
447 552 464 565 et
475 552 544 566 tautum
555 549 630 570 profecit
637 552 656 566 ut
667 554 704 566 non

96 576 144 592 solum
151 576 222 593 illicitas
229 576 288 593 carnis
296 577 388 593 illecebras
395 576 452 596 fugiat
457 588 461 596 ,
469 576 501 592 sed
508 579 525 592 et
533 581 545 592 a
554 576 602 592 licito
614 576 703 592 matrimo-

95 603 131 619 niali
138 607 170 619 usu
178 603 251 619 omuino
258 603 347 619 abstinere
355 603 460 619 decreverit.

120 630 190 650 Aliquot
197 630 274 646 familiae
281 632 328 650 sunt,
337 634 382 650 quae
390 634 412 646 ex
419 630 507 650 frequenti
514 630 645 646 auscultatione
651 630 702 646 verbi

95 655 123 672 Dei
132 659 148 673 et
158 661 191 673 usu
203 659 356 673 sacramentorum
369 656 485 673 confessionis
496 659 513 672 et
523 656 653 672 communionis
665 659 702 673 tan·

95 686 126 699 tum
137 683 257 704 profecerunt,
270 686 290 699 ut
302 688 338 699 non
347 684 449 699 saeculares
462 683 494 699 sed
504 683 577 704 perfecti
589 683 669 703 religiosi
677 683 702 699 vi-

94 709 166 726 v-‘leautur⁴
182 710 267 730 Quotidie
279 714 311 731 per
323 710 390 730 aliquot
402 710 457 726 horas
471 710 528 730 legem
542 709 616 726 Domini
630 710 703 730 ejusque

94 737 143 753 vitam
154 737 267 753 meditantur⁴
278 737 323 753 Cum
334 737 405 753 Christo
414 737 516 753 desiderant
525 737 614 757 quaelibet
625 737 671 757 pati.
685 739 703 753 et

94 763 106 778 si
118 764 142 779 eis
157 764 304 783 concederemus,
322 763 467 780 mortificationes
483 764 562 784 publicas
578 763 658 779 facerent
665 768 669 779 :
685 766 702 779 et

93 795 147 807 eorum
154 791 236 811 exemplo
244 791 267 807 ad
273 791 349 807 aliorum
356 790 449 806 utilitatem
455 790 501 806 ΚΑΜ
508 790 527 806 Ρ.
534 790 603 806 Natalis
611 790 702 806 orationes

93 817 171 836 quasdam
180 818 269 833 ordinavit
276 822 307 838 per
316 817 387 833 modum
395 817 468 836 rosarii.
480 817 498 833 in
509 817 572 837 quibus
583 817 642 833 omnia
652 821 702 837 prae-

94 844 139 864 cipua
146 844 232 864 mysteria
239 844 287 860 vitae
294 846 311 860 et
319 844 407 864 passionis
415 844 482 860 Christi
488 844 541 860 facile
552 848 571 859 se
581 844 636 860 menti
645 843 701 863 cujus-

94 870 129 886 libet
140 870 227 890 ofl'erunt;
240 875 291 891 quem
304 871 375 887 modum
388 871 451 887 orandi
463 871 523 886 multis
537 870 575 887 fore
589 871 701 886 utilissimum

94 901 185 917 speramus,
199 898 245 913 sicut
255 900 272 913 et
285 902 331 913 nunc
343 897 362 913 in
374 897 437 917 paucis
449 897 518 917 experti
531 901 597 913 sumus.
611 897 634 913 Et
647 897 701 917 aliqui

93 928 154 944 eorum,
163 924 193 945 qui
202 924 272 940 vinculo
280 924 388 940 matrimonii
393 924 450 944 juncti
457 926 507 944 sunt,
513 924 550 944 jam
558 924 580 940 ab
591 924 669 940 invicem
679 924 701 940 de

94 951 174 967 communi
181 955 270 967 consensu
277 950 357 971 separari
364 953 381 966 et
389 950 406 966 iu
414 951 500 971 religione
510 951 541 966 sub
552 951 652 967 obedientia
662 951 701 967 Deo

94 976 171 993 inservire
179 979 280 997 proponunt
286 989 290 997 ,
298 980 315 993 et
320 977 358 997 jam
365 982 376 993 a
384 977 443 993 multis
450 977 540 993 mensibus
548 977 565 993 in
576 977 652 997 puritate
663 982 701 993 cor-

95 1003 137 1022 poris
143 1004 171 1020 sui
178 1006 242 1024 sponte
249 1004 317 1020 vivunt.

118 1030 159 1046 Cum
172 1035 227 1046 senex
239 1031 311 1051 quidam
320 1033 338 1046 et
348 1031 398 1046 dives
410 1033 513 1050 aegrotaret
525 1033 543 1047 et
555 1031 649 1047 haeredem
661 1035 701 1051 pro·

94 1056 176 1077 pinquum,
185 1057 215 1077 qui
222 1057 238 1073 ei
246 1057 354 1076 succederet,
362 1061 397 1073 non
404 1057 478 1073 haberet
485 1060 501 1073 et
509 1057 530 1073 de
538 1058 654 1078 relinquenda
661 1057 701 1073 aliis

95 1082 195 1100 haereditate
208 1084 304 1104 cogitaret,
317 1084 389 1104 quidam
398 1088 421 1100 ex
430 1084 547 1100 familiaribus
560 1084 597 1104 ejus
608 1084 653 1100 haec
664 1085 700 1100 ani-

94 1110 206 1130 madvertens,
214 1111 315 1126 subornatis
323 1110 372 1126 salsis
379 1111 453 1127 testibus
461 1111 484 1127 ad
491 1111 640 1131 corrumpendum
651 1113 700 1127 nota-

94 1136 132 1152 rium
138 1137 217 1157 confugit
225 1139 250 1157 et,
259 1137 312 1153 certis
319 1137 377 1157 pactis
384 1137 425 1153 hinc
433 1137 474 1153 inde
481 1138 592 1158 compositis,
604 1138 669 1154 falsum
676 1138 700 1154 in-

94 1165 201 1180 strumentum
212 1163 334 1184 confeeerunt,
347 1164 365 1180 in
374 1164 452 1184 quo.iste
465 1168 520 1180 senex
532 1164 628 1180 donatione
638 1165 701 1185 (quam

94 1188 144 1206 dicunt
156 1190 202 1206 inter
212 1191 264 1206 vivos
274 1193 291 1206 et
303 1191 451 1211 irrevocabiliter)
459 1191 488 1207 isti
499 1195 532 1207 suo
545 1191 627 1207 familiari
640 1191 700 1207 omnia

94 1216 206 1236 suadonaret2
216 1217 277 1237 sicque
286 1221 318 1237 per
329 1217 396 1238 aliquot
406 1222 476 1233 menses
487 1220 562 1234 mortem
572 1218 621 1234 senis
631 1220 700 1238 speeta-
