3400 5524
365 475 424 534 262
756 471 925 532 errnaaa
944 489 1214 540 ouaomuasraas

365 637 487 700 quum,
513 627 670 699 tempore
694 618 941 696 nundinarum,
968 635 1010 681 eo
1036 635 1229 682 concursus
1253 619 1314 684 fiat
1336 637 1355 682 e
1380 627 1432 684 tot
1453 631 1601 700 tamque

365 727 571 808 longinquis
584 725 798 805 regionibus.
815 706 1004 789 Pollicetur
1023 743 1061 788 se
1080 725 1243 790 daturum
1259 726 1417 804 domum,
1440 738 1599 791 caetera-

366 852 436 914 que
451 834 567 897 omnia
579 832 623 894 ad
637 833 772 896 victum
785 833 988 896 necessaria
1002 831 1316 914 suppeditaturum,
1331 835 1426 913 quod
1440 843 1476 897 et
1490 851 1600 914 quon·

367 941 451 1004 dam
480 939 603 1003 obtulit
627 939 726 1003 Patri
750 939 886 1016 Fabro,
913 939 968 1002 cui
995 939 1130 1004 solebat
1157 938 1327 1004 confiteri.
1352 939 1522 1020 Largitus
1545 953 1601 1004 est

365 1047 470 1110 nobis
483 1045 539 1110 his
553 1046 676 1110 diebus
692 1055 826 1110 certam
840 1047 1010 1126 pecuniae
1030 1063 1204 1110 summam
1224 1046 1271 1110 nd
1289 1046 1457 1112 emendos
1476 1049 1599 1126 libros

368 1155 488 1235 aitque
508 1171 546 1217 se
568 1154 659 1218 velle
677 1153 875 1234 sumptibus
896 1153 970 1216 suis
991 1153 1087 1217 alere
1109 1152 1310 1218 scholarem
1328 1151 1517 1218 Societatis
1535 1173 1603 1218 no-

365 1273 464 1324 strae
486 1261 522 1324 in
541 1259 782 1324 Universitate
802 1260 1078 1324 salmanticensi.
1100 1260 1197 1324 Haec
1212 1269 1305 1338 sunt,
1321 1277 1411 1340 quae
1426 1261 1602 1326 hactenus

365 1367 612 1449 cognovimus
637 1367 681 1431 de
702 1367 746 1430 iis
766 1383 856 1447 quae
880 1376 984 1447 gesta
1008 1377 1090 1430 sunt
1115 1369 1151 1430 in
1172 1367 1302 1448 oppido
1325 1369 1602 1450 methymnensi.

367 1473 513 1538 Praeter
528 1475 617 1537 haec
631 1483 749 1537 tamen
764 1474 897 1550 omnia,
920 1473 1145 1538 scribendum
1165 1485 1277 1539 restat
1296 1476 1384 1541 duos
1404 1493 1482 1540 esse
1500 1474 1602 1555 J'uve·

365 1599 430 1644 nes
452 1591 678 1660 mercatores
695 1582 887 1645 multarum
906 1581 1182 1661 possessionum,
1199 1592 1345 1662 paratos
1359 1583 1477 1647 omnia
1495 1584 1602 1646 relin-

364 1705 474 1767 quere
489 1697 634 1767 propter
654 1686 834 1752 Christum
853 1696 887 1750 et
906 1687 1045 1767 ingredi
1065 1688 1271 1767 religionem
1292 1698 1462 1753 nostram.
1483 1688 1520 1753 Si
1539 1689 1601 1752 ad-

364 1777 562 1874 mittantur,
580 1795 793 1858 arbitramur
807 1812 868 1858 eos
883 1795 952 1858 huc
966 1804 1136 1859 venturos
1151 1804 1232 1876 post
1245 1796 1432 1875 nundinas,
1449 1809 1487 1862 ut
1502 1797 1600 1862 domi

364 1911 510 1966 nostrae
525 1902 648 1965 diebus
662 1902 794 1981 aliquot
809 1901 846 1964 in
860 1901 1100 1982 spiritualibus
1115 1913 1359 1967 exerceantur.
1375 1903 1456 1968 Duo
1477 1905 1601 1968 itidem

366 2009 571 2073 sacerdotes
586 2007 888 2088 methymnenses‚
905 2025 986 2071 cum
1000 2009 1154 2088 primum
1167 2026 1210 2073 eo
1225 2009 1445 2075 advenerunt
1460 2010 1600 2090 PatreS,

364 2123 460 2179 totos
474 2132 513 2178 se
527 2113 698 2178 Societati
713 2114 932 2192 dedicarunt;
948 2123 984 2177 et
998 2115 1081 2178 licet
1101 2133 1164 2178 eos
1185 2116 1231 2178 ihi
1250 2117 1407 2180 detinere
1427 2135 1600 2182 conaren-

364 2232 424 2286 tur
433 2222 547 2285 donec
558 2219 810 2284 Salmanticam
827 2221 994 2301 redirent,
1011 2223 1102 2286 alter
1118 2230 1248 2300 tamen,
1262 2241 1383 2288 morae
1396 2225 1598 2305 impatiens

364 2330 460 2392 illico
481 2329 527 2391 ad
549 2345 615 2391 nos
638 2327 746 2392 venit.
774 2327 817 2390 Ei
839 2345 933 2392 nunc
959 2327 1146 2392 traduntur
1170 2329 1356 2394 exercitia:
1380 2329 1521 2410 juvenis
1544 2341 1601 2394 est

269 2421 272 2426 ⁵
365 2447 472 2498 natus
487 2451 600 2497 annos
614 2434 755 2498 circiter
769 2435 821 2511 27,
834 2435 947 2497 bonae
962 2443 1000 2498 ut
1014 2444 1163 2516 apparet
1173 2435 1322 2500 indolis:
1340 2437 1406 2500 etsi
1420 2453 1601 2516 gramma·

365 2543 475 2604 ticam
486 2541 672 2604 dumtaxat
682 2539 855 2618 didicerit,
869 2540 931 2604 sed
943 2540 1109 2621 studiose,
1124 2543 1218 2623 quod
1231 2561 1311 2607 eam
1325 2553 1448 2625 postea
1463 2545 1599 2608 docuit.

365 2647 461 2711 Nihil
475 2647 571 2711 aliud
586 2647 838 2727 inpraesentia
853 2646 1078 2712 scribendum
1092 2650 1247 2714 occurrit
1262 2667 1368 2730 quam
1382 2651 1477 2730 quod
1499 2669 1600 2714 exer·

366 2754 451 2816 citia
466 2751 683 2833 quotidiana,
698 2761 833 2832 utputa
848 2752 1100 2834 consessiones,
1115 2754 1379 2818 communiones
1394 2765 1429 2824 et
1444 2773 1599 2820 commu-

365 2860 562 2923 nicationes
577 2869 787 2939 caeteraque
802 2859 1017 2940 hujusmodi,
1034 2862 1070 2924 in
1085 2860 1175 2938 dies,
1192 2871 1338 2926 auctore
1353 2861 1442 2940 Deo,
1459 2879 1600 2942 promo·

365 2975 494 3032 ventur
518 2966 554 3030 in
576 2965 710 3030 melius.
734 2964 862 3030 Paucis
886 2965 1009 3031 diebus
1030 2976 1111 3030 ante
1131 2966 1293 3032 Natalem
1311 2965 1458 3032 Domini
1478 2979 1601 3032 tantus

364 3074 430 3137 fuit
445 3089 641 3137 concursus
655 3073 701 3136 ad
715 3073 971 3152 confessioneS,
987 3082 1026 3137 ut
1048 3092 1119 3138 non
1139 3075 1291 3154 potuerit
1311 3075 1474 3140 omnibus
1497 3075 1602 3139 satis-

365 3181 459 3259 fieri,
481 3181 572 3243 unde
594 3189 629 3243 et
646 3180 788 3261 plurimi
807 3180 926 3244 tristes
946 3197 989 3242 ac
1014 3180 1163 3245 desolati
1189 3183 1259 3245 alio
1284 3182 1334 3246 ire
1361 3183 1479 3245 coacti
1503 3193 1600 3246 sunt.

366 3287 404 3349 P.
418 3285 554 3351 Doctor
565 3287 622 3350 die
633 3285 845 3352 Sanctorum
858 3287 1099 3351 Innocentium
1111 3286 1290 3368 proiectus
1305 3297 1359 3351 est
1370 3288 1416 3352 ad
1431 3289 1603 3369 oppidum

365 3395 460 3474 quod
474 3395 603 3458 dicitur
619 3394 789 3475 Oropesa,
804 3394 839 3457 id
855 3394 1089 3458 contendente
1100 3394 1236 3460 Comite
1251 3395 1295 3458 de
1307 3393 1467 3475 Oropesa
1483 3406 1519 3459 et
1529 3395 1602 3460 Do-

365 3502 462 3565 mino
486 3500 644 3565 Antonio
669 3501 714 3564 de
739 3499 922 3580 Corduba,
949 3501 1009 3581 qui
1029 3499 1105 3580 jam
1129 3511 1183 3566 est
1208 3519 1289 3566 cum
1313 3500 1460 3566 Comite.
1488 3501 1604 3566 Offert

365 3608 495 3672 Comes
509 3608 653 3672 domum
667 3605 846 3671 Societati:
862 3608 899 3670 in
914 3607 1050 3672 duobus
1065 3606 1144 3672 aliis
1158 3608 1246 3671 locis
1261 3608 1354 3672 idem
1368 3608 1526 3674 offertur.
1543 3609 1598 3672 In·

362 3714 481 3794 junxit
494 3712 532 3776 P.
550 3713 685 3778 Doctor
707 3721 745 3776 ut
764 3713 868 3793 huJ'us
887 3714 939 3777 rei
960 3712 997 3776 P.
1021 3713 1061 3777 T.
1082 3715 1271 3780 certiorem
1289 3714 1504 3794 laceremus,
1531 3733 1603 3796 quo

369 3835 628 3899 cognoscamus
642 3821 725 3902 quid
739 3819 779 3883 P.
795 3820 836 3884 T.
853 3821 921 3884 hac
936 3821 971 3884 in
985 3838 1025 3885 re
1039 3821 1115 3885 heri
1133 3823 1341 3902 praecipiat.
1363 3819 1400 3884 Si
1419 3821 1527 3886 isthic
1547 3840 1603 3885 su·

369 3935 551 4006 peressent
576 3928 635 4008 qui
660 3928 730 3991 huc
751 3927 990 4006 mitterentur,
1013 3928 1157 3993 minime
1181 3929 1285 3994 otiosi
1303 3929 1420 3992 forent
1438 3929 1477 3994 in
1495 3929 1604 3992 vinea

369 4031 529 4112 Domini;
545 4050 650 4114 quem
664 4050 792 4114 precor
805 4043 844 4098 ut
859 4035 996 4098 mittere
1012 4034 1175 4114 dignetur
1190 4035 1373 4116 operarios
1393 4035 1429 4098 in
1449 4051 1605 4100 messem

367 4157 483 4203 suam.
498 4139 625 4203 Amen.
934 4205 950 4236 ·
1093 4215 1094 4223 ἵ

429 4243 679 4325 Salmanticae,
695 4249 799 4312 nonis
811 4247 971 4332 Januarii
986 4250 1070 4314 anni
1088 4249 1162 4312 1551

376 4413 380 4426 ,
429 4351 595 4416 Minimus
609 4353 701 4417 filius
714 4353 752 4418 P.
770 4365 851 4418 tuae
927 4385 931 4396 ·

983 4462 1246 4528 Maximorum
1268 4484 1291 4528 A
1314 4464 1496 4528 Caenina,

430 4566 708 4646 Superscrt'ptro.
731 4567 905 4649 Perquam
920 4568 996 4632 R.‘¹⁰
1019 4568 1057 4634 in
1070 4569 1212 4634 Christo
1224 4569 1331 4650 Patri,
1346 4569 1384 4632 P.
1400 4569 1543 4650 ignatio
1559 4571 1604 4633 de

368 4672 516 4752 Loyola,
534 4673 739 4755 Praeposito
754 4673 921 4738 Generali
935 4675 1123 4740 Societatis
1136 4677 1232 4759 Jesu.
1249 4677 1394 4741 Romae.
