3442 5538
343 515 349 532 ·
381 501 418 559 36
769 501 941 560 Ltrrnnns
960 515 1231 568 numeraremus

382 663 496 709 ranno
511 655 649 728 troppo,
662 648 695 710 le
709 647 804 728 quali
818 657 1016 727 potrernmo
1031 647 1189 710 scrivere
1204 663 1266 727 per
1281 647 1402 710 lettere
1421 645 1614 726 duplicate,

384 753 612 818 indrizzando
627 754 659 817 le
674 772 743 818 une
758 773 780 817 a
795 755 945 836 qualche
961 771 1133 835 persona,
1147 753 1212 817 che
1227 754 1264 816 vi
1274 757 1403 834 pareri
1413 754 1612 830 nominare,

382 879 483 924 come
502 861 730 940 Monsignore
754 859 798 924 de
817 860 928 925 Puteo
952 859 973 939 ¹,
995 860 1232 942 specificando
1254 861 1303 940 gli
1325 859 1417 923 tituli
1435 859 1515 923 suoi
1532 869 1570 922 et
1592 861 1614 921 il

381 969 489 1046 luogo
504 967 596 1030 dove
611 977 678 1046 sta,
695 986 716 1030 o
731 968 881 1048 qualche
897 969 1001 1032 altro.
1018 967 1098 1032 Non
1112 985 1152 1030 so
1165 985 1206 1030 se
1221 967 1369 1030 sarebbe
1384 985 1406 1029 a
1421 967 1564 1047 piacere
1580 968 1615 1028 nl

383 1073 516 1138 Rev.¹¹²⁰
531 1074 567 1138 di
581 1074 689 1154 Carpi
703 1073 727 1154 ¹,
744 1092 814 1138 non
830 1075 1050 1138 mettendose
1065 1083 1168 1155 porto
1184 1078 1216 1136 a'
1235 1073 1427 1138 cardinali.
1448 1073 1514 1137 Per
1529 1074 1614 1136 scri·

382 1197 468 1244 vere
484 1199 565 1262 qna,
587 1199 624 1244 se
644 1181 739 1244 fosse
760 1191 918 1262 sospetto
939 1182 970 1244 el
987 1181 1136 1263 ricapito
1157 1183 1277 1258 solito,
1297 1180 1466 1261 potrebbe
1486 1181 1511 1243 ss
1529 1179 1618 1242 R.‘¹⁰

382 1287 478 1369 ling.
496 1287 661 1369 Gasparo
676 1286 876 1352 ⁵indrizzar
889 1291 923 1351 le
938 1289 1061 1352 lettere
1077 1307 1098 1351 a
1111 1287 1207 1367 Mag.
1222 1287 1423 1351 Francesco
1440 1285 1574 1364 Rosati‚
1594 1305 1617 1347 o

369 1375 475 1458 ¹altro
486 1413 550 1476 per
565 1396 771 1459 instruttion
790 1396 827 1458 di
847 1395 941 1476 Mag.
965 1394 1145 1470 Pollanco,
1168 1394 1260 1457 della
1283 1395 1340 1458 cni
1359 1393 1420 1458 R.⁸
1436 1395 1544 1457 molto
1565 1396 1615 1456 mi

383 1520 449 1566 son
471 1505 654 1567 consolato
676 1513 711 1567 et
735 1503 848 1566 anche
867 1521 916 1566 un
941 1520 1005 1566 suo
1031 1503 1126 1565 buon
1144 1501 1259 1566 Padre
1285 1501 1479 1580 confessor,
1504 1500 1618 1563 fratre

385 1610 614 1688 Alessandro‚
631 1610 696 1673 che
715 1627 787 1673 non
811 1610 940 1673 habbia
964 1609 998 1673 d'
1015 1609 1149 1673 andare
1171 1609 1206 1672 in
1222 1607 1378 1690 Spagna‚
1400 1625 1438 1671 se
1458 1625 1530 1670 non
1554 1625 1618 1686 per

383 1715 498 1780 scritti
513 1725 548 1779 et
562 1716 713 1780 orationi
728 1733 801 1795 sue,
819 1718 888 1780 alle
902 1717 997 1798 quali
1018 1716 1066 1780 mi
1087 1715 1335 1779 raccomando.
1354 1715 1395 1778 L’
1409 1716 1500 1777 altra
1520 1715 1617 1776 setti-

383 1839 491 1885 mana
506 1839 610 1903 spero
625 1823 858 1902 rimandargli
872 1825 987 1904 quelle
1002 1823 1136 1900 charte,
1158 1823 1223 1885 che
1237 1823 1286 1886 mi
1299 1822 1421 1885 lascio.
1438 1820 1616 1901 Aspettia·

384 1946 445 1993 mo
460 1947 528 1993 con
542 1929 718 1994 desiderio
732 1931 766 1992 la
785 1931 1001 1994 resolutione
1020 1930 1076 1993 del
1096 1929 1174 1994 R.‘¹⁰
1191 1929 1230 1993 P.
1251 1929 1346 2008 Mag.
1368 1928 1528 2008 Egnacio
1549 1945 1617 1989 con

384 2036 555 2100 animodi
574 2046 820 2117 prontamente
835 2037 911 2101 fare
926 2037 1010 2117 ogni
1033 2036 1231 2099 obedientia
1250 2035 1417 2116 possibile
1429 2035 1619 2097 *mediante

385 2144 407 2205 l’
423 2144 521 2206 aiuto
537 2143 671 2221 divino,
688 2161 788 2206 come
804 2145 926 2208 scrissi
944 2152 1020 2207 otto
1035 2144 1070 2206 di
1085 2143 1121 2206 sa
1141 2159 1205 2222 per
1223 2161 1294 2206 una
1314 2143 1396 2220 mia,
1419 2142 1485 2204 che
1504 2159 1617 2222 penso

385 2253 471 2312 sard
492 2258 585 2312 stata
599 2250 772 2312 ricevuta.

450 2354 537 2418 Pero
562 2373 633 2418 non
657 2357 875 2420 occorrendo
895 2357 1022 2419 adesso
1047 2358 1140 2418 altro
1166 2355 1212 2418 dn
1232 2355 1404 2432 scrivere,
1431 2353 1510 2417 faro
1533 2354 1616 2428 fine,

386 2462 594 2542 replicando
620 2465 696 2526 solo
720 2473 845 2542 questa
869 2465 1011 2543 parole,
1037 2463 1103 2526 che
1128 2480 1166 2525 se
1196 2461 1290 2541 Mag.
1323 2461 1469 2541 Laynez
1496 2461 1545 2524 ha
1570 2462 1616 2522 da

386 2569 525 2646 venire,
546 2579 645 2631 tanto
667 2569 796 2648 meglio
815 2575 898 2632 sara
922 2578 1055 2650 quanto
1083 2569 1142 2648 pili
1161 2578 1281 2649 presto
1301 2585 1365 2648 per
1387 2569 1487 2631 molti
1506 2569 1615 2630 conti.

386 2674 574 2753 IlSignore
586 2675 688 2738 Duco
700 2685 755 2737 sta
766 2693 830 2756 per
840 2675 928 2738 hora
939 2680 1011 2756 qui.
1024 2675 1184 2739 Secondo
1196 2675 1250 2737 ch’
1263 2675 1297 2738 io
1306 2693 1412 2755 posso
1420 2673 1615 2748 intendere,

386 2793 440 2844 sto
464 2783 574 2848 molto
592 2793 766 2860 occupato
785 2781 822 2844 in
843 2781 989 2845 incende
1014 2780 1047 2843 d'
1070 2783 1160 2844 altra
1182 2793 1278 2844 sorte
1299 2783 1365 2844 che
1385 2799 1457 2845 non
1476 2797 1565 2844 sono
1586 2781 1616 2841 le

386 2899 522 2964 nostre;
536 2893 620 2968 pero
635 2888 890 2950 medioton'bus
905 2897 996 2967 opus
1011 2893 1116 2950 esset.

446 2994 525 3058 Non
539 2997 629 3056 altro
644 3011 707 3074 per
720 2994 848 3056 adesso
862 3011 973 3057 senon
987 2995 1053 3058 che
1067 2994 1245 3057 humiliter
1259 2994 1292 3056 ci
1303 2993 1616 3056 raccomandiamo

386 3103 454 3164 alle
469 3101 621 3164 orationi
635 3100 671 3163 di
686 3101 779 3164 tutti.

445 3207 501 3272 Da
517 3207 684 3285 Firenza,
701 3209 761 3270 alli
771 3207 811 3270 23
825 3207 857 3270 d’
872 3209 984 3286 aprile
1003 3207 1091 3270 1517.

446 3314 584 3378 Adesso
604 3315 732 3376 adesso
751 3317 850 3393 quie
875 3314 1033 3377 arrivoto
1054 3315 1078 3376 il
1103 3312 1180 3376 R.‘¹⁰
1207 3313 1302 3392 Mag.
1331 3313 1501 3376 Pascasio
1518 3311 1531 3342 ⁴
1550 3329 1616 3374 con

386 3420 481 3500 Mag.
501 3419 617 3484 Gioan
639 3419 799 3499 Philippo
819 3417 879 3482 'et
897 3419 975 3482 dice
995 3437 1060 3484 sua
1080 3418 1140 3482 R.⁸
1162 3421 1229 3484 che
1248 3421 1408 3483 scriverit
1429 3420 1476 3484 da
1496 3430 1617 3482 monte

387 3526 578 3590 Pnlieiano.

448 3631 560 3696 Servo
576 3635 611 3696 in
626 3633 767 3698 Christo
783 3635 908 3705 Giesii,

1094 3821 1246 3887 Axonffl
1262 3843 1311 3886 nn
1326 3823 1446 3886 Fnczr.

448 4111 715 4189 δαρτὰ-τιμὴ)
730 4137 763 4161 =
776 4115 798 4182 ’,τ
809 4111 853 4174 ΑΙ
869 4115 977 4174 molto
993 4112 1109 4174 hon.‘¹⁰
1130 4113 1232 4175 l'rntel
1247 4115 1318 4174 mio
1335 4113 1372 4174 in
1387 4113 1451 4176 X.⁰
1469 4113 1617 4176 Bartho-

391 4233 598 4244 .-——.-—

428 4285 437 4317 Ι
466 4284 577 4336 ,ἰατοὺιις
588 4286 696 4330 Potens.
709 4285 790 4328 Rom
801 4299 923 4330 romanae
935 4289 1058 4333 Auditor.
1071 4289 1163 4341 [ζωῇ
1176 4292 1273 4332 amiens
1283 4297 1309 4332 et
1319 4289 1460 4332 Societatis
1470 4290 1565 4334 suntor.

426 4353 439 4387 ²
466 4354 615 4408 lindolphus
627 4355 670 4400 Pio
680 4357 710 4398 de
723 4356 809 4409 Carpi.
821 4358 974 4404 Cardianus
986 4359 1125 4402 &ot-ieratis
1138 4361 1280 4402 Praei-tor.

426 4425 439 4457 ⁸
466 4426 568 4480 Germ
579 4429 610 4469 de
622 4428 715 4473 Dottls.
725 4431 767 4470 vel
780 4428 892 4472 lel'll&
902 4437 929 4472 nt
941 4442 998 4472 enm
1010 4434 1126 4484 appellat
1137 4431 1300 4474 Orlnndinnst
1311 4443 1387 4483 quern
1396 4433 1469 4483 vide,
1481 4431 1552 4474 Risi.
1563 4429 1616 4472 Sot⁴

386 4496 454 4552 jes.
463 4508 486 4550 ρ.
497 4507 512 4543 ι.
525 4500 540 4540 l.
552 4509 567 4543 ι.
580 4509 605 4540 n.
618 4500 664 4541 tt‘t.

428 4571 439 4602 δ
467 4568 621 4612 last-mnus
633 4570 719 4614 Rroet.
730 4583 795 4614 nnus
805 4583 837 4614 ex
847 4583 939 4616 norem
951 4575 1039 4628 primis
1051 4574 1145 4626 lgnntii
1156 4576 1242 4618 socias

426 4639 438 4670 ὃ
466 4638 577 4691 joonnes
591 4641 722 4694 Philippus
737 4642 832 4686 Casini.
851 4646 960 4688 nondum
978 4648 1107 4690 sacerdos.
1126 4657 1211 4688 tomes
1229 4657 1294 4688 nunc
1313 4643 1387 4688 Patri
1405 4644 1490 4696 limet.
1501 4651 1619 4698 sequenti

388 4722 450 4754 vero
461 4723 527 4754 anno
539 4712 610 4755 Petri
620 4712 731 4768 inruet.
