3400 5524
408 434 463 494 222
803 432 974 491 erraaaa
993 447 1263 500 ouanarnssrars

409 579 665 660 rosolymitano
678 579 850 655 servienS,
866 594 928 658 per
940 576 1131 640 indiscreta
1141 575 1287 658 jejunia,
1302 577 1446 658 vigilias
1460 589 1493 641 et
1507 582 1608 643 oratio·

407 703 473 750 nes
497 687 532 750 in
553 686 765 750 dementiam
784 701 911 748 versus
937 694 1005 764 est,
1029 693 1063 748 et
1083 701 1104 748 a
1123 685 1265 748 domino
1283 701 1347 747 suo
1370 685 1559 762 derelictus
1577 705 1607 748 ac

409 794 498 857 adeo
512 811 575 874 per
589 809 719 874 pueros
734 791 907 870 civitatiS,
924 792 1021 854 illum
1035 799 1302 872 persequentes,
1319 792 1355 854 in
1369 791 1522 856 furorem
1532 794 1607 855 reda·

408 909 502 980 ctus,
519 909 557 962 ut
572 916 652 963 cum
667 898 766 979 prius
781 898 868 961 nihil
882 913 954 961 non
972 898 1068 979 pium
1082 899 1296 978 loqueretur,
1318 899 1474 978 coeperit
1487 899 1555 962 sine
1566 918 1609 961 re·

408 1005 577 1070 recundia
603 1013 637 1068 et
663 1021 743 1068 cum
767 1005 866 1068 rabie
890 1003 1045 1085 quadam
1064 1004 1181 1069 nudus
1199 1021 1263 1084 per
1282 1004 1361 1067 vias
1381 1005 1568 1068 discurrere
1585 1017 1609 1068 et

408 1111 570 1192 pudenda
586 1111 698 1194 loqui;
715 1127 817 1193 quem
832 1127 898 1174 nos
912 1111 1154 1175 misericordia
1170 1110 1353 1190 commoti,
1377 1111 1440 1175 sed
1460 1113 1611 1174 neminen

407 1219 645 1296 invenientes
663 1219 722 1300 qui
737 1234 945 1282 succurrere
961 1218 994 1281 ei
1007 1218 1124 1296 vellet,
1142 1226 1176 1280 et
1194 1225 1356 1298 apertum
1376 1218 1564 1298 periculum
1575 1220 1611 1280 ri·

404 1325 530 1390 dentes
545 1343 588 1390 ne
603 1326 679 1406 ipse
693 1325 821 1388 misere
835 1333 1043 1403 moreretur,
1060 1333 1096 1387 et
1110 1337 1239 1404 pueros
1254 1325 1362 1388 etiam
1377 1325 1513 1406 aliquos
1530 1324 1612 1387 facile

406 1431 636 1511 interficeret,
653 1432 689 1494 in
703 1447 827 1494 curam
842 1439 999 1494 nostram
1016 1430 1251 1510 suscepimus,
1267 1432 1469 1512 procuratis
1489 1433 1612 1496 nonnul·

408 1541 452 1604 lis
465 1540 700 1620 eleemosynis
715 1547 819 1618 atque
833 1538 1033 1618 mediciniS,
1057 1537 1185 1618 quibus
1205 1537 1363 1617 adjutum
1382 1547 1417 1602 et
1432 1555 1538 1619 prope
1550 1539 1615 1600 libe·

407 1653 525 1710 ratum
540 1647 584 1710 ab
599 1645 750 1724 insania,
763 1643 978 1708 Panormum
992 1643 1152 1708 misimus
1166 1643 1212 1705 ad
1226 1643 1401 1725 hospitale
1412 1645 1538 1708 talibus
1548 1661 1614 1706 con·

408 1753 584 1832 stitutum,
604 1752 664 1816 ubi
689 1767 874 1832 speramus
898 1750 998 1814 brevi
1017 1765 1095 1813 esse
1113 1750 1268 1831 perfecte
1293 1751 1559 1814 convaliturum.
1581 1751 1616 1813 Et

407 1861 476 1924 hoc
491 1859 585 1923 facto
600 1859 739 1940 publice
754 1857 899 1938 cognito
914 1857 1001 1920 mire
1016 1856 1203 1922 aedificata
1217 1866 1270 1921 est
1285 1866 1360 1921 tota
1375 1857 1514 1921 civitas.

468 1965 632 2030 ΝΜ
645 1965 843 2045 Episcopus
857 1963 1056 2042 Pactensis,
1072 1965 1181 2027 totius
1195 1963 1309 2043 Regni
1327 1963 1531 2045 Inquisitor,
1551 1979 1617 2026 cum
1679 2009 1680 2044 f

405 2083 500 2138 essct
515 2073 717 2150 Messanae,
733 2071 833 2135 venit
851 2070 897 2134 ad
916 2087 981 2134 nos
1001 2070 1190 2134 admodum
1209 2069 1431 2135 familiariter
1450 2071 1619 2152 prandium

407 2190 626 2260 sumpturuS,
644 2179 822 2242 celebrata
836 2176 946 2240 Missa
961 2177 997 2240 in
1010 2185 1133 2240 nostra
1148 2178 1250 2254 aede,
1266 2185 1449 2258 totumque
1463 2178 1551 2242 diem
1568 2195 1617 2238 no·

407 2287 544 2350 biscum
559 2284 744 2362 transegit.
760 2282 908 2348 Indulsit
922 2283 1024 2348 nobis
1037 2284 1130 2347 ultra
1145 2301 1204 2361 ea,
1221 2283 1264 2346 de
1282 2283 1409 2363 quibus
1430 2284 1619 2366 scripsimus

408 2401 530 2471 antea,
547 2393 584 2454 in
599 2390 677 2453 foro
690 2390 930 2453 conscientiae
945 2397 1097 2470 tantum,
1114 2390 1380 2454 commissiones
1399 2391 1566 2472 quasdam
1582 2391 1618 2450 ad

407 2501 558 2562 salutem
573 2498 782 2576 animarum,
798 2505 838 2560 ut
852 2511 1047 2576 speramus,
1063 2495 1278 2576 profuturas.

467 2603 714 2684 Superioribus
728 2603 784 2664 his
799 2601 922 2665 diebus
932 2611 1160 2683 procuratum
1171 2611 1225 2666 est
1240 2619 1328 2684 opus
1342 2619 1495 2682 magnae
1506 2603 1619 2667 utilita-

405 2711 452 2773 tis
463 2720 498 2774 et
510 2707 776 2787 aedificationis,
790 2717 828 2772 ut
838 2708 1053 2789 pauperibus
1064 2709 1274 2772 verecundis
1289 2719 1518 2774 succurratur
1530 2725 1620 2788 gene·

405 2817 474 2880 rali
497 2817 733 2896 eleemosyna,
760 2829 831 2878 non
852 2817 967 2879 solum
987 2833 1009 2878 a
1031 2815 1171 2878 devotis
1183 2815 1392 2895 quibusdam
1407 2817 1553 2894 nostrie,
1569 2814 1620 2877 sed

405 2924 516 2987 etiam
532 2939 555 2985 a
568 2921 745 2986 nobilibus
767 2931 801 2986 et
819 2919 947 3002 juratis
966 2921 1114 3004 aliisque
1132 2922 1271 2986 civibus
1289 2924 1453 3002 collecta,
1473 2923 1519 2987 ad
1539 2921 1622 3003 quod

405 3030 625 3094 commodius
650 3029 850 3092 faciendum
875 3029 991 3092 divisa
1015 3036 1069 3091 est
1092 3029 1221 3092 civitas
1243 3029 1279 3092 in
1298 3029 1483 3094 duodecim
1501 3039 1621 3111 partes,
1680 3109 1681 3120 ἵ

407 3154 558 3212 quarum
582 3135 732 3216 singulis
757 3135 1009 3215 praeficiuntur
1034 3134 1103 3198 duo
1121 3135 1206 3211 viri,
1231 3136 1359 3198 nobilis
1380 3153 1471 3200 unus
1489 3145 1525 3200 et
1544 3136 1624 3198 alter
1680 3127 1681 3144 ¹

405 3243 597 3324 popularis
610 3241 767 3306 Maxima
776 3259 857 3322 spes
868 3251 921 3304 est
931 3241 1125 3304 maximum
1133 3241 1200 3304 hoc
1208 3241 1284 3305 fore
1293 3241 1488 3306 subsidium
1499 3243 1623 3322 egenis,

407 3359 442 3414 et
461 3349 655 3414 remedium
679 3350 854 3412 malorum
875 3347 1025 3428 plurium
1044 3347 1089 3410 ob
1110 3349 1356 3412 necessitatem
1380 3349 1477 3430 prius
1500 3349 1624 3412 contin-

406 3458 575 3536 gentium.

465 3563 679 3644 scripsimus
699 3561 831 3625 dudum
850 3569 1034 3641 acceptam
1056 3578 1134 3625 esse
1153 3562 1395 3642 possesionem
1417 3561 1625 3626 Universita·

407 3672 471 3748 tis;
487 3670 603 3733 lactus
617 3677 671 3732 est
686 3677 811 3749 postea
826 3684 1013 3731 consessus
1028 3667 1074 3731 ad
1089 3667 1393 3732 determinandam
1412 3668 1551 3748 collegii
1572 3668 1625 3729 do·

406 3776 574 3840 tationem
589 3785 623 3838 et
638 3774 797 3839 ordinem
810 3774 1061 3838 Universitatis
1075 3775 1315 3848 statuendum:
1336 3777 1447 3839 missa
1466 3783 1547 3838 sunt
1565 3774 1627 3837 Pa-

406 3897 569 3946 normum
594 3882 749 3961 capitula
774 3891 808 3944 et
832 3880 971 3944 felicem
993 3880 1173 3960 Pro-regis
1196 3881 1348 3946 reditum
1373 3891 1626 3963 exspectamus,

407 3988 482 4052 sine
497 4005 565 4070 quo
580 3987 667 4050 nihil
682 3987 820 4050 civitati
834 3988 915 4050 licet
930 3985 1152 4051 concludere.

467 4093 652 4157 Messanae
666 4093 686 4156 2
700 4092 916 4174 Septembris
933 4092 1020 4156 1550.
