3400 5532
361 500 417 559 318
744 501 915 560 Llrransa
934 514 1204 567 ouanniuasrass

357 647 464 708 rebus
477 643 553 708 fieri
568 647 672 724 solet,
690 662 812 708 omnes
826 645 871 707 ad
887 661 995 708 unum
1013 645 1049 706 in
1068 661 1148 707 eam
1163 643 1374 706 sententiam
1387 643 1505 705 ierunt
1522 640 1543 719 ¹,
1556 652 1592 704 ut

356 753 538 832 quingenti
559 752 656 815 aurei
676 753 825 831 singulis
844 753 946 815 annis
962 753 1220 831 inperpetuum
1236 748 1406 814 Societati
1421 749 1590 812 attribue-

357 868 497 938 rentur,
520 857 611 938 quod
635 867 669 921 et
691 859 891 922 consectum
911 869 964 921 est
982 856 1006 920 ¹.
1028 857 1229 935 Praeterea,
1252 874 1334 920 cum
1349 856 1592 936 superioribus

364 965 486 1028 diebus
501 965 659 1042 abbatia,
676 975 715 1028 ut
730 976 878 1044 vocant,
893 973 985 1028 esset
1000 965 1232 1043 conferenda,
1254 973 1290 1026 et
1307 963 1407 1026 multi
1421 963 1593 1043 primates

358 1081 437 1134 eam
452 1089 472 1133 a
488 1069 641 1134 Caesare
663 1071 853 1152 impetrare
873 1072 1142 1151 contenderent,
1163 1069 1345 1150 respondit
1369 1069 1505 1133 Caesar
1523 1070 1592 1130 col·

357 1178 452 1256 legio
479 1175 666 1241 Societatis
690 1177 775 1260 Jesu
799 1176 966 1242 Panormi
986 1177 1147 1258 proxime
1172 1185 1289 1240 erecto
1316 1193 1394 1238 esse
1409 1177 1589 1250 collatam,

357 1301 469 1364 eaque
483 1284 526 1346 de
541 1301 579 1346 re
591 1282 666 1363 jam
689 1285 735 1346 ad
754 1283 961 1363 Pro-regem
984 1284 1181 1364 scripsisse.
1197 1281 1346 1346 Reditus
1361 1281 1470 1345 annui
1485 1282 1590 1357 illius,

357 1400 395 1454 ut
409 1391 545 1468 serunt,
561 1392 640 1470 plus
656 1393 771 1453 minus
786 1389 1114 1472 septingentorum³
1131 1407 1320 1454 aureorum
1335 1399 1427 1451 sunt.

416 1496 501 1559 Post
520 1495 589 1559 Rifi
611 1495 727 1560 Patris
747 1497 956 1578 Hieronymi
977 1496 1183 1561 Domenech
1205 1497 1240 1560 in
1261 1495 1473 1576 Hispaniam
1493 1495 1592 1556 navi·

359 1603 558 1682 gationem,
579 1601 621 1666 R.
643 1601 749 1666 Pater
768 1603 1007 1684 Hieronymus
1028 1603 1164 1667 Natalis
1187 1604 1280 1684 apud
1294 1603 1501 1680 Pro-regem
1515 1598 1591 1679 ejus

357 1711 456 1773 vices
472 1710 563 1789 gerit
579 1707 601 1788 ⁴,
622 1711 802 1791 multaque
821 1711 880 1791 pia
895 1719 929 1773 et
950 1721 1076 1774 sancta
1091 1727 1220 1790 opera,
1237 1727 1327 1790 quae
1342 1708 1417 1788 eius
1433 1707 1591 1770 charitas
1632 1727 1634 1730 ·

356 1826 425 1896 est,
442 1815 622 1878 excitavit.
641 1816 740 1879 Bona
753 1815 934 1896 cujusdam
949 1816 1162 1880 xenodochii
1182 1816 1317 1879 nobiles
1331 1815 1477 1894 quidam
1491 1815 1590 1876 inva-

356 1929 477 1985 serant
492 1931 525 1984 et
542 1922 578 1986 in
593 1939 678 1985 usus
694 1939 777 1985 suos
792 1923 1026 2003 inverterant;
1044 1940 1086 1986 ea
1101 1923 1191 1986 utin
1205 1938 1401 2004 pauperum
1415 1937 1535 1999 usum,
1555 1921 1590 1982 in

356 2045 461 2110 quem
488 2029 606 2108 legata
635 2029 790 2109 fuerant,
822 2038 1123 2109 converterentur,
1152 2029 1319 2093 cumillis
1344 2028 1427 2108 egit.
1452 2026 1591 2090 Deinde

355 2135 434 2215 ejus
448 2137 591 2198 hortatu
606 2145 641 2198 et
655 2135 808 2216 impulsu
825 2153 889 2216 per
913 2133 1057 2200 diversa
1079 2133 1220 2200 Siciliae
1240 2137 1319 2198 loca
1338 2142 1590 2214 procuratores

358 2241 492 2304 dimissi
507 2251 557 2315 ut,
574 2241 611 2304 in
625 2259 762 2305 summa
783 2241 986 2305 difficultate
1002 2259 1175 2320 annonae,
1188 2258 1385 2322 pauperum
1399 2241 1588 2304 necessita-

358 2348 451 2410 tibus
462 2348 700 2427 providerent.
713 2347 908 2428 Postremo,
921 2350 1046 2412 eodem
1054 2350 1214 2428 authore,
1228 2348 1392 2428 permulti
1404 2348 1512 2410 aulici
1523 2348 1589 2410 sin·

360 2453 453 2533 gulis
468 2453 648 2516 mensibus
664 2471 728 2515 sua
743 2463 892 2533 peccata
913 2455 1073 2518 confiteri
1091 2465 1126 2518 et
1146 2455 1406 2518 sanctissimam
1422 2454 1587 2534 synaxim

359 2559 520 2639 recipere
541 2560 785 2622 decreverunt.
808 2558 967 2640 Drepani
985 2561 1258 2640 monasterium,
1283 2561 1329 2624 ad
1348 2560 1441 2640 quod
1462 2577 1510 2623 ex
1529 2561 1589 2622 irn-

363 2682 455 2746 pura
488 2665 562 2728 vita
594 2666 800 2728 meretrices
829 2664 1080 2746 confugerent,
1115 2668 1366 2730 instituendum
1398 2667 1539 2730 curavit
1567 2665 1587 2728 ⁵.

358 2771 470 2835 Multa
492 2773 562 2834 alia
582 2773 675 2834 bona
696 2772 772 2853 ipse
792 2771 912 2850 Pater,
934 2771 1001 2836 Dei
1026 2772 1157 2854 Optimi
1182 2773 1277 2836 Max.
1307 2773 1498 2852 beneficio,
1524 2773 1589 2836 hoc

360 2880 531 2959 temporis
553 2879 682 2958 spatio,
702 2887 736 2940 et
755 2878 921 2942 Panormi
946 2889 980 2942 et
1003 2878 1163 2960 Drepani
1182 2879 1350 2958 coniecit,
1367 2896 1459 2959 quae
1475 2879 1588 2960 majus

355 2985 512 3065 quotidie
528 2987 785 3048 incrementum
801 2994 992 3065 acceptura
1005 2988 1110 3067 plane
1125 2986 1345 3051 confidimus.

419 3092 520 3156 Nune
547 3092 672 3171 viginti
697 3092 733 3154 in
752 3092 820 3154 hoc
840 3092 990 3172 collegio
1009 3109 1141 3157 sumus
1159 3092 1228 3157 Pro
1248 3111 1287 3157 se
1306 3095 1454 3176 quisque
1475 3094 1588 3157 elabo-

358 3209 414 3263 rat
428 3216 473 3262 ne
487 3201 669 3276 talentum,
687 3215 709 3260 a
723 3198 877 3261 Domino
893 3208 1088 3279 acceptum,
1102 3201 1199 3263 humi
1209 3200 1390 3264 defossum
1405 3201 1587 3264 recondat.

359 3305 466 3368 Faxit
480 3305 755 3385 benignissimus
775 3303 948 3368 Dominus
967 3305 1094 3369 Noster
1113 3317 1152 3370 ut
1173 3307 1334 3387 spiritum
1348 3325 1452 3371 suum
1466 3308 1588 3371 menti-

360 3412 426 3475 bus
439 3413 572 3475 nostris
586 3411 791 3492 plenissima
806 3429 913 3474 manu
928 3411 1102 3492 infundat,
1120 3431 1189 3494 quo
1207 3424 1242 3477 et
1261 3414 1419 3477 divinam
1434 3412 1512 3494 ejus
1527 3433 1586 3478 vo·

359 3519 530 3582 luntatem
545 3535 763 3597 cognoscere
778 3527 812 3581 et
828 3519 1008 3598 cognitam
1022 3519 1189 3599 perficere
1204 3537 1403 3584 mereamur
1416 3519 1440 3582 ⁰.

423 3625 604 3703 Panormi,
625 3624 661 3686 18
675 3624 761 3705 Maji
779 3623 866 3688 1551.

421 3730 518 3793 Tuus
534 3732 569 3792 in
585 3731 727 3794 Christo
741 3731 826 3813 Jesu
841 3731 1006 3795 minimus
1019 3732 1111 3796 filius

1006 3944 1146 4009 Pnucus
1167 3945 1211 4010 D'
1234 3947 1412 4010 Acmccrs.
1490 4007 1497 4022 ,

379 4248 381 4254 .
405 4219 412 4249 ¹
441 4217 556 4272 pertibus
568 4219 869 4264 aeonibusterunt.Acu.

402 4289 414 4319 ²
442 4289 507 4343 quod
516 4289 596 4331 tactis
607 4290 737 4343 auspiciis
748 4294 882 4345 coeptum,
891 4291 1050 4335 laetioribus
1057 4292 1202 4346 processit,
1212 4291 1372 4336 laetissimis
1382 4293 1529 4338 coniectum
1539 4301 1586 4338 est.

364 4359 526 4412 Aen-quor
538 4368 564 4402 et
574 4361 719 4404 coniectum
728 4367 776 4404 est.
788 4361 848 4407 Por..

402 4432 414 4463 ³
443 4435 638 4474 sexcentorum.
653 4431 720 4476 Aca.

403 4507 414 4538 ὁ
443 4503 569 4546 obtinuit.
584 4502 651 4546 Aen.

403 4575 415 4608 ὓ
442 4574 535 4618 Totam
545 4575 613 4617 hanc
623 4575 765 4628 periodum,
776 4586 791 4619 ι
803 4578 882 4620 verbo
894 4575 1018 4631 Drepani
1027 4577 1060 4619 ad
1070 4579 1190 4629 curavit,
1200 4575 1349 4622 interseruit
1359 4577 1500 4623 Ponaucos.

403 4647 415 4680 θ
443 4647 573 4700 cognitam
582 4645 715 4700 perticere,
731 4647 846 4702 dentque
859 4649 1025 4702 promissam
1040 4649 1116 4692 nobis
1129 4648 1325 4706 imereditatem
1341 4649 1419 4693 adire
1434 4661 1586 4694 mereamur.

363 4721 483 4764 Aca-et
493 4721 622 4775 cognitam
632 4717 755 4772 perlicere
767 4730 918 4766 mereamur.
930 4720 990 4764 Por.
