3394 5528
789 459 1247 529 metaanouanarussruss

931 1165 1108 1252 XXXII

460 1513 497 1574 Ρ.
512 1513 658 1573 Annibal
671 1512 713 1573 de
726 1513 896 1576 Coudreto

494 1611 607 1672 Fratri
619 1609 791 1672 Ludovico
804 1611 845 1671 de
858 1610 1038 1672 Condreto.

529 1709 702 1782 Messana,
716 1709 735 1768 9
747 1709 944 1769 Decembris
958 1709 1029 1768 1548
1041 1708 1062 1770 ·.

977 1941 1092 2061 nis

463 2211 589 2276 Gratia
610 2209 754 2275 Domini
774 2209 894 2276 Nostri
914 2211 998 2294 Jesu
1017 2210 1149 2275 Christi
1167 2210 1212 2274 sit
1231 2225 1311 2275 eum
1330 2212 1493 2276 omnibus
1509 2213 1614 2276 nobis.

402 2317 530 2382 Amen.

463 2424 566 2504 Quod
587 2443 607 2488 e
624 2425 840 2505 gravissimo
864 2424 988 2489 morbo
1008 2419 1247 2504 convalueris,
1269 2424 1363 2505 quod
1381 2425 1619 2488 semimortuus

402 2531 577 2596 revixeris
590 2531 762 2613 nobisque
781 2533 830 2596 sis
848 2531 1022 2611 redditus,
1042 2540 1223 2613 postremo
1242 2531 1338 2612 quod
1356 2531 1506 2596 Romam
1523 2549 1619 2595 vene·

401 2639 463 2718 ris,
479 2648 514 2703 et
529 2638 634 2703 audio
650 2646 685 2702 et
702 2639 766 2702 tibi
785 2639 956 2719 gratulor,
974 2636 1228 2719 jucundissime
1247 2639 1284 2702 in
1301 2637 1394 2720 Xpo.
1416 2638 1535 2702 frater.
1558 2637 1620 2702 Sed

402 2745 504 2810 brevi
517 2746 690 2828 gratulor,
706 2746 873 2826 quoniam
889 2745 1048 2825 pluribus
1061 2761 1133 2809 non
1155 2745 1248 2809 licet.
1271 2743 1351 2808 Non
1370 2745 1479 2825 enim,
1499 2745 1621 2825 alioqui

402 2853 491 2916 satis
505 2861 690 2934 occupato,
703 2851 790 2916 mihi
803 2851 919 2916 luerat
933 2851 970 2916 in
983 2851 1102 2916 animo
1117 2851 1306 2933 quicquam
1319 2850 1366 2914 ad
1380 2861 1416 2915 te
1429 2851 1533 2916 hodie
1544 2852 1621 2914 scri·

401 2960 501 3039 bere,
523 2976 603 3024 cum
621 2960 831 3040 praesertim
850 2959 925 3023 dies
944 2975 1016 3023 non
1035 2959 1081 3024 sit
1102 2960 1138 3022 in
1157 2968 1280 3023 nostro
1300 2959 1452 3040 collegio
1469 2959 1619 3023 feriatus

344 3057 349 3068 '
401 3063 538 3130 Verum
551 3075 591 3128 ut
604 3066 719 3146 primo
733 3075 769 3128 te
783 3064 918 3129 Romae
932 3081 1010 3130 esse
1024 3066 1190 3146 cognovi,
1206 3066 1328 3130 nescio
1343 3066 1520 3147 quomodo
1533 3064 1621 3128 inex·

400 3171 541 3253 piabilis
555 3169 740 3252 cuiusdam
752 3172 991 3253 negligentiae
1006 3179 1041 3236 et
1053 3171 1232 3236 tarditatis
1246 3180 1369 3235 notam
1382 3171 1537 3252 effugere
1557 3187 1622 3234 non

400 3295 507 3360 posse
519 3278 606 3344 mihi
621 3279 781 3360 videbar,
797 3280 828 3343 si
841 3279 981 3344 silentio
995 3278 1227 3359 praeterirem
1241 3295 1349 3360 quam
1362 3297 1408 3342 ex
1422 3297 1465 3343 eo
1483 3279 1550 3343 sim
1567 3279 1617 3340 de

401 3387 567 3467 lectatus,
584 3395 822 3468 quantamque
837 3386 901 3451 tibi
914 3401 993 3450 meo
1007 3385 1150 3450 nomine
1169 3387 1320 3450 salutem
1337 3385 1552 3466 impertitam
1568 3403 1623 3447 ve-

401 3494 474 3557 lim.
491 3491 562 3558 Sed
574 3492 665 3558 haec
678 3493 779 3558 satis.

460 3599 577 3664 Datae
591 3608 674 3664 sunt
688 3599 774 3664 mihi
785 3597 860 3680 J'am
874 3599 956 3664 inde
969 3617 991 3662 a
1002 3599 1121 3663 multis
1137 3599 1263 3663 diebus
1273 3607 1356 3663 tuae
1371 3600 1562 3680 perbreves
1574 3597 1624 3660 lit·

400 3714 515 3786 terae,
531 3723 699 3771 unacum
712 3707 767 3771 his
781 3705 904 3770 fratris
917 3706 954 3769 in
969 3705 1060 3787 Xpo.
1076 3705 1277 3770 charissimi
1297 3705 1438 3770 Claudii
1451 3705 1476 3766 ⁸.
1496 3705 1625 3786 Quibus

398 3811 488 3875 nihil
511 3812 626 3877 habeo
651 3814 746 3894 quod
769 3813 1004 3894 respondeam
1028 3821 1172 3894 praeter
1194 3813 1263 3876 hoc
1288 3829 1412 3893 unum,
1440 3812 1626 3876 Dominum

401 3917 589 3984 Decanum
602 3937 674 3983 non
689 3919 890 4001 reposuisse
904 3919 991 3984 mihi
1009 3920 1180 4000 pecunias
1199 3919 1293 4000 illas,
1311 3935 1462 4001 quarum
1481 3937 1519 3984 se
1538 3918 1626 3983 debi-

401 4035 529 4108 torem,
545 4035 580 4091 te
593 4037 796 4108 praesente,
813 4025 999 4091 confessus
1012 4035 1078 4106 est,
1095 4025 1196 4109 cujus
1210 4026 1490 4109 chirographum
1502 4027 1627 4107 reliqui

395 4131 526 4197 'Rev.<¹⁰
549 4133 600 4198 P.¹
621 4133 684 4198 D.⁰
705 4133 877 4214 Polanco,
898 4151 979 4198 cum
998 4133 1035 4198 in
1058 4131 1216 4198 Siciliam
1240 4133 1430 4198 venissem.
1463 4134 1559 4198 Haec
1583 4149 1626 4195 eo

394 4239 530 4322 scripsi
544 4240 639 4322 quod
656 4241 811 4322 petieras
830 4249 870 4306 ut
888 4249 924 4305 te
942 4239 1046 4321 huius
1065 4241 1119 4304 rei
1136 4239 1293 4304 facerem
1311 4240 1510 4306 certiorem.
1531 4241 1576 4318 is,
1598 4239 1628 4302 si

445 4481 453 4515 Ι
482 4480 549 4526 Tota
559 4481 724 4537 autographa
734 4491 812 4526 manu
821 4479 958 4526 Annibalis
974 4481 1006 4525 de
1024 4479 1160 4534 Condreto,
1176 4480 1221 4525 iol.
1238 4491 1263 4524 n.
1279 4481 1327 4524 1⁴9.
1342 4479 1410 4524 Earn
1424 4479 1628 4525 ldeohlcinaeri·

403 4563 467 4606 naua,
477 4553 537 4608 qnia
546 4550 725 4598 lieaaanenaea
735 4552 939 4608 quadrimestre·
950 4551 1137 4606 comitabatur,
1147 4561 1212 4607 quaa
1220 4551 1335 4607 reperire
1345 4552 1456 4596 nondun
1465 4551 1600 4597 valuimus.

444 4625 455 4658 ¹
482 4623 605 4670 claudius
626 4634 643 4668 a
660 4624 798 4678 condreto,
814 4623 939 4669 Lndovicl
956 4630 983 4669 et
1000 4623 1137 4670 Annibalis
1153 4623 1245 4676 frater,
1258 4623 1304 4678 qni
1316 4621 1442 4668 societati
1459 4624 1536 4669 etlam
1551 4623 1628 4676 panle

396 4702 465 4741 ante
475 4707 566 4741 nornen
574 4696 691 4742 dederat.
