3462 5534
375 534 431 592 60⁴
761 535 933 592 Ltrrssns
951 551 1219 602 ouaonrnssrass

438 678 598 758 Quatuor
613 689 673 742 aut
688 680 840 759 quinque
855 680 1042 744 voluerunt
1056 681 1093 742 in
1107 679 1322 744 Societatem
1342 680 1503 756 admitti,
1528 697 1608 760 quo·

379 803 456 848 rum
472 803 580 848 unum
594 784 743 849 Romam
762 786 936 861 misimus;
957 787 1082 867 reliqui
1101 795 1245 866 propter
1265 786 1439 867 quaedam
1459 785 1604 866 impedi·

379 901 497 955 menta
513 891 667 955 adscribi
678 911 749 955 non
764 902 963 972 potuerunt.

439 998 476 1060 P.
513 997 717 1062 Ludovicus
751 1000 960 1079 quibusdam
993 1000 1191 1080 spiritualia
1223 1002 1405 1081 proposuit
1437 999 1609 1064 exercita·

380 1114 509 1186 meuta;
526 1105 698 1185 imprimis
714 1107 855 1169 cuidam
869 1108 988 1186 equiti,
1006 1107 1109 1187 hujus
1123 1107 1318 1170 Florentini
1338 1107 1448 1171 Ducis
1470 1117 1507 1170 et
1529 1104 1610 1170 Car-

379 1211 506 1276 dinalis
522 1212 683 1276 Farnesii
697 1213 802 1276 valde
816 1213 992 1294 familiari,
1010 1214 1119 1295 quiin
1135 1213 1201 1292 his,
1217 1214 1472 1278 lachrimarum
1485 1212 1609 1276 donoa

380 1319 457 1382 Deo
473 1320 632 1398 obtento,
654 1328 789 1384 tantum
810 1321 976 1401 profecit,
997 1331 1035 1384 ut
1055 1321 1197 1384 tandem
1216 1321 1284 1384 sibi
1301 1321 1484 1384 videretur
1510 1320 1608 1389 alter,

379 1444 492 1506 neque
507 1426 573 1489 sibi
588 1427 653 1489 soli
668 1427 844 1507 profuisse
858 1428 947 1491 satis
960 1437 1112 1508 putaret,
1129 1427 1198 1491 nisi
1212 1429 1291 1491 aliis
1306 1445 1446 1509 quoque
1461 1427 1509 1490 ad
1524 1425 1610 1488 haec

380 1532 550 1596 exercitia
565 1543 658 1596 esset
673 1534 912 1597 incitamento.
928 1534 961 1596 ls
976 1535 1070 1597 enim
1084 1534 1159 1614 fuit,
1177 1536 1237 1616 qui
1258 1536 1412 1614 primum
1429 1531 1609 1597 Cardinali

379 1638 553 1702 Farnesio
576 1640 688 1703 suasit
714 1650 752 1703 ut
776 1640 977 1720 hujusmodi
1001 1641 1286 1705 meditationibus
1310 1659 1388 1704 sese
1414 1647 1606 1704 exerceret.

381 1745 482 1809 Alius
496 1747 640 1827 quidam
655 1747 755 1825 civiS,
773 1747 832 1827 qui
848 1746 1009 1810 adversis
1025 1747 1078 1816 ita
1094 1748 1291 1827 angebatur
1310 1757 1348 1811 ut
1368 1746 1609 1811 molestiarum

380 1853 616 1931 magnitudini
631 1853 811 1916 videretur
829 1853 1074 1946 succumbere,
1098 1854 1142 1916 ab
1158 1854 1283 1917 eodem
1303 1855 1421 1934 equite
1440 1862 1474 1916 et
1495 1849 1607 1915 Patris

380 1959 553 2022 Ludovici
568 1960 836 2039 consuetudine,
853 1969 925 2023 tam
940 1959 1113 2039 frugifera
1131 1977 1238 2040 quam
1254 1958 1427 2040 jucunda,
1447 1977 1522 2022 non
1541 1975 1605 2020 me·

380 2066 547 2129 diocriter
561 2065 626 2130 fuit
641 2065 794 2146 adjutus.
809 2066 1001 2148 Postquam
1017 2077 1135 2130 autem
1148 2065 1187 2130 P.
1203 2067 1407 2130 Ludovicus
1422 2066 1541 2130 multis
1556 2081 1604 2126 ra·

379 2173 532 2236 tionibus
557 2173 813 2236 demonstravit
837 2173 1069 2237 christianum
1091 2174 1269 2237 hominem
1292 2173 1454 2237 adversis
1479 2173 1605 2236 incom-

380 2280 563 2360 modisque
578 2279 695 2358 frangi
710 2279 930 2343 debilitarive
946 2297 1017 2343 non
1037 2290 1215 2360 oportere,
1236 2281 1555 2361 exercitiorumque
1575 2276 1603 2338 ei

379 2386 550 2466 principia
577 2385 795 2465 degustanda
821 2387 932 2466 dedit,
958 2387 1059 2467 quasi
1084 2405 1129 2450 ex
1153 2387 1454 2450 turbulentissima
1479 2395 1602 2464 tempe·

381 2503 472 2556 state
500 2493 536 2555 in
565 2479 889 2573 tranquillissimum
916 2504 1059 2575 portum
1086 2494 1272 2557 videbatur
1297 2493 1481 2557 adductus
1512 2492 1601 2556 Idem

378 2617 487 2680 eques
514 2600 559 2663 ad
586 2601 920 2664 excellentissimum
948 2601 1084 2665 Ducem
1112 2601 1254 2681 scripsit
1287 2617 1436 2681 eumque
1464 2601 1601 2664 beatum

381 2706 596 2786 appellabat,
621 2708 714 2787 quod
732 2725 799 2772 nos
818 2708 948 2771 habere
969 2717 1099 2788 posset.
1122 2708 1221 2770 Haec
1241 2716 1275 2770 et
1294 2707 1363 2770 alia
1381 2709 1484 2787 plura
1504 2720 1601 2784 argu·

380 2823 499 2876 mento
522 2830 599 2876 esse
613 2824 779 2893 possunt,
804 2814 897 2895 quod
911 2831 976 2878 nos
991 2833 1034 2878 ac
1049 2813 1260 2879 Societatem
1274 2831 1320 2876 ex
1338 2813 1456 2877 animo
1471 2812 1599 2892 diligat.

439 2920 541 3000 Quod
569 2929 687 2984 autem
714 2921 759 2983 ad
787 2921 1026 2985 confessiones
1054 2921 1189 3001 attinet,
1209 2919 1248 2984 P.
1274 2921 1456 3001 Philippus
1478 2919 1498 3000 ¹,
1524 2933 1599 2983 nam

378 3025 417 3089 Ρ.
434 3025 637 3091 Ludovicus
652 3028 730 3091 aliis
745 3029 840 3090 curis
854 3028 1051 3108 distinetur,
1067 3028 1104 3090 in
1118 3027 1174 3091 his
1193 3027 1376 3091 audiendis
1397 3045 1505 3108 saepe
1524 3025 1600 3090 mul·

378 3143 453 3196 tum
467 3143 671 3213 occupatur.
687 3133 726 3196 ln
740 3133 795 3196 his
810 3135 1106 3213 Bacchanalibus,
1125 3134 1250 3214 quibus
1265 3133 1433 3198 mundani
1447 3133 1600 3197 homines

378 3241 619 3320 voluptatibus
645 3241 889 3320 involvuntur,
910 3241 1067 3322 plerique
1086 3240 1239 3304 confessi
1265 3241 1359 3321 apud
1378 3249 1521 3304 nostros
1540 3237 1598 3304 Eu·

379 3347 570 3411 charistiae
594 3346 865 3411 Sacramentum
893 3359 1128 3428 sumpserunt.
1158 3347 1244 3411 Item
1269 3349 1395 3410 mulier
1421 3347 1598 3428 quaedam,

379 3471 470 3533 quae
481 3471 544 3535 per
555 3471 721 3534 magnam
730 3455 825 3517 vitae
833 3464 970 3535 partem
978 3454 1259 3517 sordidissimum
1270 3464 1455 3535 quaestum
1463 3454 1597 3525 fecerat,

380 3577 539 3640 quaeque
561 3561 654 3623 intra
679 3560 879 3641 quindecim
898 3569 933 3624 et
951 3560 1082 3640 viginti
1106 3578 1218 3623 annos
1237 3559 1471 3624 confessionis
1491 3575 1598 3624 sacra·

382 3675 501 3730 mento
523 3667 757 3747 abstinuerat,
779 3668 919 3730 tandem
936 3668 981 3731 ad
995 3676 1106 3731 semet
1124 3684 1288 3744 reversa,
1310 3668 1403 3747 apud
1423 3667 1460 3730 P.
1481 3665 1599 3744 Philip·

380 3790 465 3853 pum
480 3775 747 3854 conscientiam,
764 3774 923 3854 deposita
937 3784 1166 3853 peccatorum
1179 3773 1267 3852 fece,
1280 3775 1505 3854 expurgavit.
1522 3771 1599 3836 Nec·

381 3897 452 3943 non
467 3880 616 3960 judaeus
635 3881 788 3960 quidam,
809 3898 872 3961 per
890 3881 1103 3961 baptismum
1122 3881 1158 3943 in
1178 3880 1321 3944 Christo
1336 3889 1493 3958 renatus,
1514 3875 1599 3959 apud

381 3988 542 4051 eumdem
556 3987 698 4051 Patrem
714 3996 767 4050 est
782 3986 975 4050 confessus.

441 4093 538 4158 Solet
553 4095 647 4158 idem
661 4094 699 4158 P.
721 4095 870 4174 singulis
891 4092 1169 4158 hebdomadibus
1187 4093 1300 4157 nostri
1318 4094 1446 4157 medici
1465 4089 1600 4156 domum

381 4200 480 4264 adire
500 4201 725 4282 omniumque
743 4201 835 4264 illius
860 4199 1014 4263 familiae
1039 4199 1279 4264 confessiones
1304 4199 1438 4278 audire,
1462 4201 1522 4280 qui
1547 4197 1599 4261 ali·

381 4306 522 4386 quando
543 4307 595 4371 sic
614 4317 842 4388 peccatorum
861 4306 981 4371 dolore
998 4315 1193 4386 tanguntur
1212 4315 1268 4386 ut,
1289 4313 1362 4370 tam
1382 4307 1483 4369 liberi
1502 4319 1599 4386 quam

380 4412 488 4488 servi,
504 4422 577 4477 tam
589 4413 710 4492 magni
720 4429 827 4494 quam
838 4413 951 4493 parvi,
965 4412 1010 4475 ad
1022 4414 1200 4493 lacrymas
1212 4422 1433 4476 moveantur.
1447 4409 1600 4493 Exprimi

423 4689 431 4721 ¹
460 4689 498 4732 Dc
509 4689 556 4732 hoc
566 4688 636 4732 allud
646 4687 709 4732 nihil
719 4689 834 4742 reperire
845 4689 928 4732 adbuc
944 4689 1072 4756 potuimus
1087 4688 1136 4732 nisi
1151 4699 1207 4732 cum
1224 4688 1302 4732 fuisse
1318 4690 1421 4732 natione
1438 4691 1549 4743 belgam.
1560 4687 1601 4730 Po·

385 4771 474 4812 nauco,
487 4759 654 4813 Chron.,t.11,
665 4770 724 4814 pag.
738 4761 785 4814 511,
796 4761 878 4812 11237,
889 4767 914 4803 ct
925 4771 985 4814 pag.
995 4759 1041 4812 512,
1053 4770 1077 4802 u.
1089 4759 1148 4802 iill-
