3400 5524
338 466 393 526 238
724 461 897 519 errannn
917 475 1186 528 ouaonmssrnas

339 620 473 689 ratum,
491 610 548 674 cui
562 609 650 672 nihil
665 609 867 672 dubitamus
886 605 1091 686 propediem
1113 623 1340 670 accessurum
1361 605 1572 684 ingolstadii

340 719 509 796 alterurn,
526 717 670 782 Christo
682 715 886 778 adiuvante.

399 825 477 904 Quo
497 823 550 902 fit,
571 831 610 886 ut
629 823 768 903 precari
791 820 912 885 sedulo
934 820 1125 884 debeamus
1147 819 1289 884 Patrem
1310 820 1572 884 misericordia·

338 949 417 995 rum
439 940 474 994 et
492 948 558 1011 pro
583 930 742 1012 piissimo
766 927 864 1007 Rege
887 927 916 990 F
918 927 1129 1004 erdinand0,
1156 937 1191 990 et
1214 945 1279 1008 pro
1304 945 1436 1007 genero
1462 927 1567 1004 illius,

339 1038 440 1102 Duce
463 1039 531 1100 hoc
552 1037 778 1115 Bavariensi,
804 1053 893 1116 quos
912 1033 1038 1098 deinde
1058 1050 1124 1097 ceu
1142 1034 1250 1097 duces
1270 1034 1329 1097 alii
1348 1051 1488 1115 quoque
1514 1036 1572 1110 (ut

340 1146 418 1226 ipsa
433 1153 538 1224 coget
548 1144 754 1221 necessitas)
767 1143 803 1206 in
815 1141 1008 1205 Germania
1019 1141 1154 1222 passim
1165 1142 1405 1205 imitabuntur.
1426 1140 1492 1205 Cui
1511 1142 1564 1202 rei

342 1260 552 1331 argumento
568 1269 644 1314 esse
659 1258 775 1331 potest
789 1249 844 1311 vir
859 1264 1035 1326 summuS,
1058 1247 1118 1330 qui
1136 1247 1395 1312 Cancellarium
1417 1248 1492 1327 agit
1507 1265 1573 1310 cu·

339 1358 477 1421 iusdam
503 1356 677 1437 Principis
702 1356 875 1420 Electoris
897 1351 918 1430 ¹,
944 1371 1016 1417 non
1041 1355 1176 1418 amicus
1200 1355 1342 1434 quidem
1364 1353 1567 1426 Societatis,

340 1464 402 1527 sed
423 1465 484 1544 qui
502 1481 648 1527 causam
670 1473 805 1528 tantam
825 1474 860 1528 et
877 1462 1032 1530 fructum
1051 1464 1199 1527 istorum
1217 1462 1449 1542 collegiorum
1470 1461 1570 1524 intel·

340 1572 465 1651 ligans,
479 1571 661 1652 rescripsit
673 1572 813 1636 cuidam
824 1571 859 1636 in
870 1573 961 1638 haec
972 1575 1093 1638 verba:
1112 1573 1288 1637 “Litteras
1302 1581 1382 1634 tuas
1394 1569 1481 1632 R.⁰²⁰
1495 1567 1570 1632 Do-

338 1678 434 1742 mino
448 1687 571 1741 nostro
585 1679 772 1742 commoda
787 1681 953 1760 quaesita
968 1681 1172 1759 occasione,
1190 1688 1224 1742 et
1242 1695 1322 1741 cum
1340 1677 1460 1741 mollia
1481 1685 1567 1738 tem·

338 1802 427 1866 pora
445 1783 577 1848 fuerint
595 1785 736 1864 affandi,
762 1787 953 1851 exhibebo:
969 1789 1142 1869 simulque
1163 1785 1324 1850 manibus
1349 1801 1392 1847 ac
1416 1783 1567 1862 pedibus

336 1900 433 1954 tuam
462 1892 675 1954 sententiam
701 1893 916 1957 confirmabo
942 1894 1012 1973 (De
1030 1893 1157 1957 litteris
1177 1892 1331 1972 loquitur
1351 1889 1563 1970 ingratiam

336 1997 477 2077 collegii
490 1997 603 2061 nostri
617 2008 784 2063 accurate
798 2001 965 2080 scriptis).
983 2001 1206 2080 Quamquam
1217 2015 1275 2061 res
1285 1997 1362 2078 ipsa
1373 2014 1444 2060 non
1455 2007 1562 2076 egeat

340 2105 459 2187 aliqua
473 2105 718 2185 persuasione,
735 2124 816 2170 cum
830 2125 902 2171 non
917 2109 1031 2171 solum
1045 2109 1091 2171 sit
1106 2107 1262 2170 omnium
1281 2103 1507 2168 sanctissima
1528 2113 1564 2165 et

335 2211 601 2291 honestissima,
624 2213 686 2275 sed
711 2222 745 2276 et
770 2215 924 2277 maxime
945 2215 1040 2278 utilis
1059 2224 1092 2278 et
1110 2213 1330 2290 necessaria,
1352 2228 1511 2292 quaeque
1536 2229 1557 2271 a

336 2317 423 2380 ΚΜ
438 2319 513 2380 sine
528 2319 683 2382 maximo
699 2319 888 2398 dedecore,
905 2321 1073 2384 scandalo
1092 2329 1126 2383 et
1147 2320 1355 2383 detrimento
1375 2319 1483 2380 etiarn
1505 2334 1557 2378 sa·

335 2425 418 2488 lutis
433 2442 519 2488 suae
534 2424 649 2488 omitti
662 2425 803 2488 minime
818 2435 955 2506 queat,
972 2427 1153 2490 Hactenus
1167 2427 1235 2505 ille,
1252 2426 1351 2490 cuius
1366 2424 1477 2487 verba
1490 2441 1557 2486 nos

335 2531 382 2594 ad
395 2530 611 2594 laudandum
626 2529 743 2596 Deum
757 2534 814 2595 vel
831 2533 876 2596 ob
889 2534 925 2596 id
940 2534 1076 2597 animos
1091 2550 1288 2614 provocare
1303 2541 1447 2614 queant,
1464 2531 1559 2610 quod

334 2637 371 2700 in
390 2638 480 2701 aulis
499 2638 698 2719 principum
719 2638 979 2704 Germanorum
1000 2641 1049 2704 ita
1068 2641 1232 2720 cognitae
1251 2640 1355 2703 simul
1378 2648 1413 2701 et
1434 2637 1561 2718 proba·

335 2752 393 2806 tae
413 2743 483 2807 sint
504 2762 562 2808 res
584 2743 785 2826 Societatis,
807 2747 950 2811 iuvante
968 2747 1172 2828 plurimum,
1192 2756 1230 2810 ut
1249 2746 1338 2824 dixi,
1353 2745 1556 2826 praesentia

336 2849 379 2913 R.
394 2849 433 2914 Ρ.
450 2849 598 2930 Claudii,
612 2869 680 2932 quo
691 2871 756 2916 nec
768 2853 942 2918 immerito
954 2863 1138 2934 tantopere
1150 2853 1344 2917 delectatur
1358 2851 1460 2915 Ruris
1477 2849 1564 2914 Car-

338 2958 465 3021 dinalis
479 2958 723 3038 Augustanus,
740 2960 837 3023 illum
851 2978 941 3041 pene
955 2962 1068 3024 solum
1082 2961 1228 3035 habens,
1245 2977 1312 3040 quo
1328 2968 1446 3021 utatur
1457 2957 1558 3022 fami-

334 3065 538 3144 liarissime,
555 3065 724 3146 cuiusque
738 3068 883 3131 ductum
897 3077 1079 3147 sequutus,
1096 3067 1218 3143 vitam,
1235 3067 1317 3130 licet
1332 3065 1462 3146 alioqui
1480 3081 1560 3144 pro·

333 3173 453 3236 batam
467 3171 490 3251 ¹,
508 3182 542 3236 et
557 3174 675 3237 aulam
690 3191 791 3237 suam
805 3173 1018 3238 reformasse
1032 3191 1178 3255 prorsus
1192 3173 1425 3237 existimatur.

368 3267 372 3272 ⁵
390 3277 428 3342 P.
445 3277 614 3343 Nicolaus
629 3279 665 3342 in
679 3280 915 3361 praelegendo
930 3280 1120 3344 admodum
1134 3288 1168 3343 et
1183 3280 1249 3342 sibi
1262 3289 1297 3343 et
1311 3279 1388 3343 aliis
1403 3277 1554 3359 proficit3

330 3385 495 3450 laudatur
520 3386 556 3450 in
575 3385 777 3466 disputandi
796 3388 948 3466 ratione,
973 3405 1080 3467 quarn
1103 3404 1167 3452 sua
1192 3386 1333 3466 quidem
1356 3386 1559 3466 praesentia

332 3509 405 3556 non
428 3511 555 3574 parum
579 3494 679 3558 iuvat
708 3506 972 3575 promovetque.
996 3495 1102 3560 Brevi
1127 3503 1208 3574 post
1230 3493 1480 3572 auspicaturus
1504 3501 1560 3554 est

332 3599 534 3664 Aristotelis
549 3600 728 3680 Ethicam,
743 3619 832 3682 quae
848 3602 952 3666 lectio
975 3603 1094 3681 plures
1113 3617 1220 3681 quam
1240 3598 1476 3678 Theologica,
1499 3616 1560 3661 no·

331 3707 386 3768 bis
400 3707 573 3786 promittit
583 3707 776 3771 auditores.

390 3813 481 3877 Tum
499 3812 599 3877 festis
624 3813 745 3878 diebus
765 3815 945 3895 pergimus
964 3815 1184 3892 concionari,
1207 3815 1269 3878 sed
1294 3813 1426 3877 maiore
1451 3829 1559 3892 quam

333 3929 454 3999 antea,
479 3937 560 3984 cum
579 3920 743 3985 auditorii
764 3931 798 3984 et
817 3921 1058 4002 professorum
1077 3922 1285 4003 frequentia.
1305 3920 1477 3984 Fructum
1499 3920 1559 3983 ali·

331 4045 437 4108 quem
450 4027 639 4090 ostendunt
654 4027 869 4107 confitentes,
886 4046 974 4109 quos
990 4029 1078 4092 adeo
1094 4030 1222 4092 multos
1236 4045 1348 4106 nuper
1362 4024 1485 4090 divina
1498 4027 1557 4088 tri-

331 4135 406 4198 buit
422 4135 632 4214 benignitaS,
649 4143 688 4197 ut
703 4135 804 4198 annis
819 4135 947 4200 abhinc
968 4136 1128 4217 plurimis
1148 4130 1256 4198 luisse
1275 4135 1393 4215 plures
1412 4142 1573 4232 negent,²

371 4413 380 4446 ¹
410 4413 471 4466 Quis
480 4413 521 4457 hle
531 4413 654 4468 Princeps
664 4413 769 4458 Elector
777 4416 862 4469 luerit,
870 4421 895 4459 et
906 4416 962 4470 quis
969 4415 1024 4470 ejus
1030 4413 1213 4466 Cancellarlus,
1222 4413 1333 4467 inquiret
1341 4418 1412 4455 certe
1420 4411 1556 4455 etdocebit

332 4486 542 4540 diligentissimus
552 4486 579 4529 Ρ.
591 4485 621 4528 0.
632 4485 833 4540 Braunsberger.
846 4486 870 4530 S.
879 4487 910 4540 J.,
921 4498 978 4531 cnm
988 4488 1116 4542 ingentem
1132 4485 1329 4530 canisianamm
1345 4485 1491 4528 litterarum
1500 4491 1557 4526 nto·

331 4560 381 4602 iem
392 4559 447 4601 luce
458 4560 561 4611 publica
572 4558 688 4601 donabit.

371 4631 383 4661 ²
409 4629 498 4674 Verba
508 4629 572 4674 haec
583 4631 646 4674 iicet
660 4629 762 4684 alioqui
768 4631 921 4684 probatam,
930 4629 1003 4684 signo
1013 4629 1101 4675 addito
1119 4635 1146 4673 ut
1164 4629 1246 4672 textui
1258 4629 1440 4677 insererentur,
1452 4625 1556 4670 addidit

334 4703 360 4745 in
370 4702 486 4755 margine
498 4701 629 4745 Polancus.
