3400 5524
374 407 429 466 20⁸
761 410 933 472 erraane
951 423 1221 481 ouaomuasrros

376 552 565 636 invitarent
587 554 634 617 ad
652 555 864 636 colloquium
884 566 1112 634 emensam,
1139 571 1210 617 non
1229 552 1436 631 inviserem,
1458 551 1517 615 sed
1535 573 1587 615 eos=

375 659 434 746 qui
447 659 676 742 aliquidboni
691 663 895 726 conserendi
909 663 1027 744 gratia
1042 673 1077 726 et
1092 661 1203 726 mutui
1214 660 1335 740 gaudii
1346 659 1382 722 in
1394 659 1499 738 Dno.,
1511 661 1588 732 mihi

375 765 500 831 adesse
515 779 694 848 cuperent.
711 767 863 833 Proinde
878 770 972 850 apud
986 769 1199 850 praecipuos
1213 767 1334 848 oppidi
1348 766 1398 830 fui
1415 767 1450 828 in
1465 784 1586 844 mensa,

375 874 434 956 qui
459 892 581 938 omnes
600 874 704 938 valde
723 876 769 940 ad
788 877 906 942 omnia
926 877 1171 942 auscultabant
1195 885 1231 938 et
1251 875 1336 938 boni
1358 873 1587 944 consulebant,

374 989 543 1060 rogantes
558 999 614 1044 me
628 991 667 1046 ut
682 991 716 1046 et
734 982 885 1060 filiorum
907 1000 1051 1062 suorum
1073 982 1226 1046 Lovanii
1248 979 1465 1044 studentium
1480 998 1588 1044 curam

375 1103 554 1168 gererem,
571 1088 631 1168 qui
645 1089 752 1152 etiarn
769 1087 843 1170 jam
863 1090 900 1154 in
920 1089 1076 1170 profesto
1091 1087 1317 1154 visitationis
1339 1087 1469 1156 Beatae
1484 1085 1588 1164 virgi·

374 1193 433 1256 nis
444 1193 530 1258 mibi
544 1195 697 1278 confessi
711 1197 1029 1270 communicarunt.
1045 1195 1212 1278 Rogabar
1228 1213 1249 1258 a
1264 1203 1407 1274 pastore
1423 1204 1457 1257 et
1469 1194 1545 1256 aliis
1559 1205 1588 1254 ut

374 1300 422 1364 ibi
447 1302 693 1380 concionarer3
720 1301 782 1366 sed
806 1318 873 1381 ego
900 1301 1098 1382 subterfugi
1122 1301 1295 1382 imprimis
1319 1300 1415 1381 quod
1440 1300 1506 1380 ipsi
1528 1317 1588 1362 non

373 1407 461 1494 satis
475 1408 686 1490 videbantur
701 1409 793 1476 ,mihi
812 1409 960 1487 instare,
983 1419 1017 1472 et
1038 1426 1106 1488 ego
1131 1425 1248 1472 meam
1270 1408 1466 1484 miseriam,
1484 1407 1518 1470 in
1533 1407 1590 1468 illis

372 1515 562 1595 praecipue
590 1533 679 1596 quae
709 1517 863 1580 studium
887 1527 948 1580 aut
972 1515 1325 1597 praemeditationem
1352 1514 1587 1596 praeexigunt.

375 1637 680 1704 agnoscensnon
699 1623 767 1686 nisi
782 1631 928 1688 coactus
942 1622 1091 1702 aggredi
1112 1622 1241 1700 ausim,
1265 1622 1348 1684 licet
1369 1621 1468 1686 miris
1488 1621 1590 1686 modis

374 1728 460 1792 totis
475 1727 610 1792 viribus
625 1739 786 1811 optarem
801 1746 857 1794 me
878 1746 994 1810 posse.
1015 1727 1094 1794 Non
1113 1729 1234 1792 dubito
1254 1738 1373 1792 tamen
1387 1728 1484 1810 quin,
1500 1728 1528 1791 si
1541 1745 1589 1788 ne-

375 1833 524 1900 cessitas
538 1845 691 1916 urgeret,
707 1834 882 1900 Dominus
896 1835 997 1900 daret
1011 1836 1177 1915 gratiam.

432 1940 548 2024 Mansi
573 1942 731 2007 similiter
756 1941 1031 2021 Amstelodamis
1049 1958 1113 2023 per
1131 1951 1283 2023 quatuor
1302 1941 1377 2005 dies
1397 1948 1432 2004 et
1458 1941 1543 2006 redii
1562 1942 1588 2002 in

374 2046 605 2126 Culenberch,
623 2049 715 2112 unde
729 2059 874 2129 propter
889 2049 1146 2113 dedicationem
1161 2058 1194 2112 et
1210 2059 1461 2112 extraneorum
1473 2046 1588 2110 adven·

375 2162 449 2218 tum
464 2155 712 2235 discesseram;
729 2156 864 2236 cupivit
878 2156 972 2219 euim
985 2155 1149 2220 dominus
1163 2154 1377 2236 praedictus,
1395 2155 1455 2236 qui
1469 2171 1523 2218 me
1537 2171 1588 2212 vo·

374 2273 537 2340 caverat,
554 2261 672 2326 iacere
687 2261 948 2326 confessionem
961 2263 1181 2342 generalem;
1198 2262 1249 2325 sic
1264 2278 1403 2342 quoque
1422 2260 1534 2324 mansi
1550 2260 1589 2322 ibi

373 2366 490 2431 adhuc
504 2377 585 2431 octo
600 2368 734 2432 diebus.
751 2366 896 2433 Interim
914 2384 1106 2448 aggressus
1125 2385 1205 2432 sum
1218 2377 1253 2432 et
1267 2368 1375 2432 alium
1391 2368 1589 2431 canonicum

372 2489 473 2536 meae
494 2473 741 2554 promotionis,
764 2474 909 2538 doctum
928 2483 963 2538 et
984 2475 1170 2538 amabilem
1194 2474 1396 2553 dominum,
1417 2475 1477 2554 qui
1496 2475 1590 2538 etiam

374 2577 464 2643 dixit
483 2597 521 2644 se
541 2581 649 2644 semei
673 2589 863 2644 venturum
882 2580 1081 2645 Lovanium
1099 2580 1145 2644 ad
1169 2580 1353 2645 exercitia.
1376 2580 1493 2644 Pridie
1515 2597 1590 2643 vero

375 2701 482 2764 quam
496 2684 591 2748 illinc
606 2685 840 2765 discederem,
856 2694 1007 2750 vocatus
1024 2687 1108 2750 suia
1128 2686 1280 2768 quadarn
1299 2687 1487 2768 principali
1506 2685 1590 2749 lami-

374 2789 423 2854 lia
437 2791 547 2855 nobili
563 2792 610 2856 ad
622 2792 839 2860 visitandum
853 2792 962 2857 filium
977 2793 1117 2872 domuS,
1139 2794 1361 2858 sacerdotem
1379 2794 1589 2862 canonicum.

375 2897 435 2977 qui
450 2899 494 2962 ab
510 2908 589 2962 octo
605 2899 708 2962 annis
722 2903 785 2964 vix
799 2900 963 2982 cuiquam
978 2901 1143 2980 loquutus
1158 2910 1210 2963 est
1225 2908 1259 2964 et
1271 2900 1446 2964 detinetur
1461 2901 1592 2964 clausus

374 3003 492 3068 inuno
508 3004 680 3069 cubiculo.
697 3005 775 3086 Ego
790 3007 979 3087 perplexus
993 3007 1135 3070 tandem
1156 3006 1205 3070 ivi
1225 3024 1279 3084 e0,
1301 3007 1434 3072 intravi
1452 3008 1545 3070 solus
1562 3008 1591 3067 in

374 3111 584 3188 cubiculum,
602 3113 726 3176 amicis
741 3113 787 3176 ad
800 3112 898 3176 foras
912 3112 993 3176 ostii
1007 3121 1173 3177 eventum
1186 3114 1489 3192 exspectantibus;
1512 3113 1592 3176 iuter

371 3228 514 3284 caetera
537 3220 713 3284 inculcavi
736 3236 817 3282 cum
841 3221 959 3299 gratia
978 3229 1016 3283 ut
1040 3237 1079 3284 se
1100 3219 1146 3283 ad
1165 3218 1425 3283 consessionem
1444 3231 1589 3301 pararet;

372 3326 436 3392 sed
450 3343 664 3408 quamquam
677 3343 803 3408 parum
817 3327 902 3391 mihi
922 3325 1102 3390 videretur
1119 3327 1354 3407 respondere,
1375 3327 1465 3390 dixit
1484 3339 1592 3390 tamen

371 3441 484 3498 mater
499 3451 581 3498 cum
595 3450 726 3512 magno
743 3434 778 3496 in
789 3433 942 3498 Domino
957 3431 1087 3513 gaudio
1107 3433 1202 3513 quod
1221 3441 1305 3498 tunc
1324 3434 1426 3514 plura
1448 3431 1592 3497 audivis-

372 3547 425 3603 set
439 3557 520 3604 eum
534 3542 734 3622 loquentem
748 3557 854 3621 quam
869 3540 904 3603 in
916 3549 1065 3621 quatuor
1080 3539 1194 3602 annis.
1210 3537 1263 3603 Sit
1273 3537 1371 3604 Deus
1384 3539 1590 3604 benedictus.

431 3648 486 3712 Ex
511 3647 730 3712 Culenberch
758 3648 859 3712 duxit
884 3665 957 3726 me,
985 3645 1086 3726 quus
1110 3645 1368 3710 consessionem
1397 3649 1593 3727 generalem

372 3753 566 3834 audieram,
582 3754 629 3818 ad
640 3769 723 3818 suos
734 3755 869 3818 amicos
879 3754 915 3817 in
926 3751 1206 3833 Schoenhovem,
1219 3753 1405 3818 honestam
1417 3752 1591 3824 familiam,

371 3867 406 3923 et
420 3831 469 3923 iffi
482 3877 621 3940 quoque
641 3877 711 3926 uno
730 3860 786 3924 die
801 3862 948 3924 multum
966 3869 1115 3940 rogatus
1136 3860 1267 3936 mansi,
1284 3860 1344 3940 qui
1358 3877 1482 3924 omnes
1496 3859 1592 3923 valde

369 3965 476 4036 avide
490 3974 720 4047 susceperunt
734 3965 991 4031 exhortationis
1009 3967 1167 4030 verbum.
1187 3967 1232 4031 Et
1250 3967 1300 4030 ita
1319 3966 1463 4032 tandem
1483 3966 1590 4030 Lora·

370 4073 468 4136 nium
482 4073 572 4138 redii
584 4084 773 4154 postquam
787 4090 859 4137 uno
872 4090 995 4140 mense
1013 4072 1215 4138 abfuissem.

429 4179 469 4244 In
483 4181 551 4244 illis
565 4179 684 4262 itaque
695 4180 866 4260 partibus
880 4179 1031 4244 maxime
1044 4179 1331 4258 Amstelodamis,
1352 4193 1406 4244 est
1417 4182 1512 4246 enim
1523 4191 1593 4262 post

371 4286 605 4368 Antuerpiam
619 4287 655 4350 in
670 4287 746 4350 istis
758 4288 919 4367 partibus
933 4287 1127 4352 maximum
1141 4288 1350 4367 emporium,
1362 4290 1511 4354 multum
1523 4305 1592 4368 pro·

370 4393 475 4460 ficere
489 4403 609 4475 posset
626 4394 753 4475 aliquis
766 4404 910 4460 nostrae
924 4391 1128 4473 Societatis,
1149 4411 1240 4474 quae
1259 4395 1335 4458 sine
1355 4397 1428 4460 ulla
1448 4396 1593 4460 haesita·

368 4501 464 4564 tione
480 4501 574 4582 apud
590 4501 668 4565 illos
682 4501 803 4581 magni
816 4501 864 4565 fit.

427 4607 582 4676 Rediens
605 4608 804 4672 Lovanium
824 4609 944 4672 statim
964 4609 1184 4673 advenerunt
1203 4620 1353 4690 quatuor
1371 4609 1472 4688 novi,
1500 4627 1593 4672 exce·
