<?xml version="1.0" encoding="UTF-8"?>
<!DOCTYPE html PUBLIC "-//W3C//DTD XHTML 1.0 Transitional//EN"
    "http://www.w3.org/TR/xhtml1/DTD/xhtml1-transitional.dtd">
<html xmlns="http://www.w3.org/1999/xhtml" xml:lang="en" lang="en">
 <head>
  <title>
</title>
<meta http-equiv="Content-Type" content="text/html;charset=utf-8" />
  <meta name='ocr-system' content='tesseract 3.04.00' />
  <meta name='ocr-capabilities' content='ocr_page ocr_carea ocr_par ocr_line ocrx_word'/>
</head>
<body>
  <div class='ocr_page' id='page_1' title='image "./litteraequadrim01jesugoog_0210.png"; bbox 0 0 3400 5524; ppageno 0'>
   <div class='ocr_carea' id='block_1_1' title="bbox 396 459 1241 528">
    <p class='ocr_par' dir='ltr' id='par_1_1' title="bbox 396 459 1241 528">
     <span class='ocr_line' id='line_1_1' title="bbox 396 459 1241 528; baseline -0.001 -10"><span class='ocrx_word' id='word_1_1' title='bbox 396 461 455 518; x_wconf 72' lang='lat'><strong>⁴206</strong></span> <span class='ocrx_word' id='word_1_2' title='bbox 783 459 953 520; x_wconf 75' lang='lat' dir='ltr'>LITTERAE</span> <span class='ocrx_word' id='word_1_3' title='bbox 972 474 1241 528; x_wconf 74' lang='lat' dir='ltr'>Qunmttusssms</span> 
     </span>
    </p>
   </div>
   <div class='ocr_carea' id='block_1_2' title="bbox 290 601 1617 4744">
    <p class='ocr_par' dir='ltr' id='par_1_2' title="bbox 394 601 1607 1859">
     <span class='ocr_line' id='line_1_2' title="bbox 397 601 1603 686; baseline 0 -18"><span class='ocrx_word' id='word_1_4' title='bbox 397 604 602 686; x_wconf 84' lang='lat' dir='ltr'>praecipue,</span> <span class='ocrx_word' id='word_1_5' title='bbox 630 605 711 684; x_wconf 92' lang='lat' dir='ltr'>quia</span> <span class='ocrx_word' id='word_1_6' title='bbox 735 604 905 668; x_wconf 85' lang='lat' dir='ltr'><strong>timebant</strong></span> <span class='ocrx_word' id='word_1_7' title='bbox 929 601 1142 668; x_wconf 86' lang='lat' dir='ltr'>Societatem</span> <span class='ocrx_word' id='word_1_8' title='bbox 1169 612 1328 666; x_wconf 91' lang='lat' dir='ltr'>nostram</span> <span class='ocrx_word' id='word_1_9' title='bbox 1354 603 1515 668; x_wconf 83' lang='lat' dir='ltr'>fortassis</span> <span class='ocrx_word' id='word_1_10' title='bbox 1537 623 1603 669; x_wconf 87' lang='lat' dir='ltr'>cras</span> 
     </span>
     <span class='ocr_line' id='line_1_3' title="bbox 394 709 1604 791; baseline 0.001 -17"><span class='ocrx_word' id='word_1_11' title='bbox 394 721 459 774; x_wconf 85' lang='lat' dir='ltr'>aut</span> <span class='ocrx_word' id='word_1_12' title='bbox 473 710 639 791; x_wconf 88' lang='lat' dir='ltr'>perendie</span> <span class='ocrx_word' id='word_1_13' title='bbox 653 711 743 774; x_wconf 90' lang='lat' dir='ltr'>velle</span> <span class='ocrx_word' id='word_1_14' title='bbox 758 709 919 774; x_wconf 89' lang='lat' dir='ltr'>cavillari</span> <span class='ocrx_word' id='word_1_15' title='bbox 933 717 968 774; x_wconf 92' lang='lat' dir='ltr'>et</span> <span class='ocrx_word' id='word_1_16' title='bbox 981 726 1089 790; x_wconf 81' lang='lat' dir='ltr'>agere</span> <span class='ocrx_word' id='word_1_17' title='bbox 1103 710 1182 774; x_wconf 92' lang='lat' dir='ltr'>lites</span> <span class='ocrx_word' id='word_1_18' title='bbox 1197 720 1322 774; x_wconf 88' lang='lat' dir='ltr'>contra</span> <span class='ocrx_word' id='word_1_19' title='bbox 1344 725 1417 774; x_wconf 91' lang='lat' dir='ltr'>eos.</span> <span class='ocrx_word' id='word_1_20' title='bbox 1437 709 1525 773; x_wconf 86' lang='lat' dir='ltr'>Hinc</span> <span class='ocrx_word' id='word_1_21' title='bbox 1544 715 1604 775; x_wconf 93' lang='lat' dir='ltr'>nul·</span> 
     </span>
     <span class='ocr_line' id='line_1_4' title="bbox 396 815 1604 898; baseline 0.001 -18"><span class='ocrx_word' id='word_1_22' title='bbox 396 820 452 881; x_wconf 90' lang='lat' dir='ltr'>lus</span> <span class='ocrx_word' id='word_1_23' title='bbox 477 817 589 882; x_wconf 81' lang='lat' dir='ltr'>voluit</span> <span class='ocrx_word' id='word_1_24' title='bbox 612 833 690 880; x_wconf 90' lang='lat' dir='ltr'>esse</span> <span class='ocrx_word' id='word_1_25' title='bbox 716 825 884 881; x_wconf 85' lang='lat' dir='ltr'>executor</span> <span class='ocrx_word' id='word_1_26' title='bbox 912 825 948 880; x_wconf 89' lang='lat' dir='ltr'>et</span> <span class='ocrx_word' id='word_1_27' title='bbox 974 823 1070 882; x_wconf 90' lang='lat' dir='ltr'>tutor</span> <span class='ocrx_word' id='word_1_28' title='bbox 1094 817 1323 898; x_wconf 89' lang='lat' dir='ltr'>pupillorum,</span> <span class='ocrx_word' id='word_1_29' title='bbox 1347 825 1414 880; x_wconf 91' lang='lat' dir='ltr'>etc.</span> <span class='ocrx_word' id='word_1_30' title='bbox 1441 815 1509 880; x_wconf 89' lang='lat' dir='ltr'>Sed</span> <span class='ocrx_word' id='word_1_31' title='bbox 1531 817 1604 881; x_wconf 86' lang='lat' dir='ltr'>hacc</span> 
     </span>
     <span class='ocr_line' id='line_1_5' title="bbox 395 921 1604 1004; baseline -0.002 -17"><span class='ocrx_word' id='word_1_32' title='bbox 395 924 513 987; x_wconf 91' lang='lat' dir='ltr'>omnis</span> <span class='ocrx_word' id='word_1_33' title='bbox 532 933 724 1004; x_wconf 83' lang='lat' dir='ltr'>tempestas</span> <span class='ocrx_word' id='word_1_34' title='bbox 743 923 847 987; x_wconf 93' lang='lat' dir='ltr'>unico</span> <span class='ocrx_word' id='word_1_35' title='bbox 865 922 1009 987; x_wconf 89' lang='lat' dir='ltr'>Domini</span> <span class='ocrx_word' id='word_1_36' title='bbox 1026 921 1147 987; x_wconf 88' lang='lat' dir='ltr'>Nostri</span> <span class='ocrx_word' id='word_1_37' title='bbox 1165 923 1314 986; x_wconf 90' lang='lat' dir='ltr'>consilio</span> <span class='ocrx_word' id='word_1_38' title='bbox 1329 923 1495 986; x_wconf 58' lang='lat' dir='ltr'>cessavit«</span> <span class='ocrx_word' id='word_1_39' title='bbox 1509 921 1604 1002; x_wconf 86' lang='lat' dir='ltr'>Hujus</span> 
     </span>
     <span class='ocr_line' id='line_1_6' title="bbox 396 1029 1604 1112; baseline -0.003 -17"><span class='ocrx_word' id='word_1_40' title='bbox 396 1047 551 1112; x_wconf 86' lang='lat' dir='ltr'>namque</span> <span class='ocrx_word' id='word_1_41' title='bbox 572 1038 607 1094; x_wconf 91' lang='lat' dir='ltr'>et</span> <span class='ocrx_word' id='word_1_42' title='bbox 624 1029 788 1112; x_wconf 90' lang='lat' dir='ltr'>Apostoli</span> <span class='ocrx_word' id='word_1_43' title='bbox 807 1046 941 1094; x_wconf 92' lang='lat' dir='ltr'>memor</span> <span class='ocrx_word' id='word_1_44' title='bbox 960 1029 1050 1094; x_wconf 88' lang='lat' dir='ltr'>dixi:</span> <span class='ocrx_word' id='word_1_45' title='bbox 1072 1029 1189 1108; x_wconf 78' lang='lat' dir='ltr'>“ecce,</span> <span class='ocrx_word' id='word_1_46' title='bbox 1211 1039 1340 1106; x_wconf 90' lang='lat' dir='ltr'>mater,</span> <span class='ocrx_word' id='word_1_47' title='bbox 1359 1029 1443 1110; x_wconf 89' lang='lat' dir='ltr'>jube</span> <span class='ocrx_word' id='word_1_48' title='bbox 1462 1032 1604 1112; x_wconf 90' lang='lat' dir='ltr'>componi</span> 
     </span>
     <span class='ocr_line' id='line_1_7' title="bbox 399 1137 1605 1218; baseline 0 -18"><span class='ocrx_word' id='word_1_49' title='bbox 399 1139 535 1202; x_wconf 84' lang='lat' dir='ltr'>litteras</span> <span class='ocrx_word' id='word_1_50' title='bbox 559 1154 640 1201; x_wconf 93' lang='lat' dir='ltr'>cum</span> <span class='ocrx_word' id='word_1_51' title='bbox 663 1137 940 1218; x_wconf 91' lang='lat' dir='ltr'>quibuscumque</span> <span class='ocrx_word' id='word_1_52' title='bbox 965 1137 1055 1200; x_wconf 88' lang='lat' dir='ltr'>velis</span> <span class='ocrx_word' id='word_1_53' title='bbox 1077 1137 1261 1216; x_wconf 86' lang='lat' dir='ltr'>clausulis,</span> <span class='ocrx_word' id='word_1_54' title='bbox 1287 1137 1506 1201; x_wconf 88' lang='lat' dir='ltr'>continentes</span> <span class='ocrx_word' id='word_1_55' title='bbox 1528 1139 1605 1218; x_wconf 89' lang='lat' dir='ltr'>quod</span> 
     </span>
     <span class='ocr_line' id='line_1_8' title="bbox 397 1244 1607 1326; baseline -0.002 -18"><span class='ocrx_word' id='word_1_56' title='bbox 397 1263 464 1308; x_wconf 92' lang='lat' dir='ltr'>nec</span> <span class='ocrx_word' id='word_1_57' title='bbox 479 1261 547 1324; x_wconf 85' lang='lat' dir='ltr'>ego</span> <span class='ocrx_word' id='word_1_58' title='bbox 562 1262 628 1307; x_wconf 91' lang='lat' dir='ltr'>nec</span> <span class='ocrx_word' id='word_1_59' title='bbox 642 1244 828 1326; x_wconf 90' lang='lat' dir='ltr'>quisquam</span> <span class='ocrx_word' id='word_1_60' title='bbox 843 1253 1004 1326; x_wconf 86' lang='lat' dir='ltr'>exparte</span> <span class='ocrx_word' id='word_1_61' title='bbox 1018 1261 1097 1308; x_wconf 91' lang='lat' dir='ltr'>mea</span> <span class='ocrx_word' id='word_1_62' title='bbox 1111 1261 1267 1325; x_wconf 86' lang='lat' dir='ltr'>unquam</span> <span class='ocrx_word' id='word_1_63' title='bbox 1283 1252 1407 1306; x_wconf 88' lang='lat' dir='ltr'>contra</span> <span class='ocrx_word' id='word_1_64' title='bbox 1422 1253 1458 1307; x_wconf 89' lang='lat' dir='ltr'>te</span> <span class='ocrx_word' id='word_1_65' title='bbox 1472 1252 1529 1306; x_wconf 90' lang='lat' dir='ltr'>aut</span> <span class='ocrx_word' id='word_1_66' title='bbox 1541 1253 1607 1307; x_wconf 87' lang='lat' dir='ltr'>tuos</span> 
     </span>
     <span class='ocr_line' id='line_1_9' title="bbox 397 1349 1605 1431; baseline -0.002 -17"><span class='ocrx_word' id='word_1_67' title='bbox 397 1351 571 1415; x_wconf 90' lang='lat' dir='ltr'>haeredes</span> <span class='ocrx_word' id='word_1_68' title='bbox 581 1367 647 1431; x_wconf 91' lang='lat' dir='ltr'>pro</span> <span class='ocrx_word' id='word_1_69' title='bbox 662 1351 739 1413; x_wconf 90' lang='lat' dir='ltr'>istis</span> <span class='ocrx_word' id='word_1_70' title='bbox 749 1350 1001 1431; x_wconf 87' lang='lat' dir='ltr'>temporalibus</span> <span class='ocrx_word' id='word_1_71' title='bbox 1012 1365 1160 1430; x_wconf 84' lang='lat' dir='ltr'>agemus</span> <span class='ocrx_word' id='word_1_72' title='bbox 1171 1350 1262 1428; x_wconf 90' lang='lat' dir='ltr'>lites;</span> <span class='ocrx_word' id='word_1_73' title='bbox 1275 1359 1309 1413; x_wconf 90' lang='lat' dir='ltr'>et</span> <span class='ocrx_word' id='word_1_74' title='bbox 1321 1365 1388 1429; x_wconf 84' lang='lat' dir='ltr'>ego</span> <span class='ocrx_word' id='word_1_75' title='bbox 1396 1349 1605 1430; x_wconf 83' lang='lat' dir='ltr'>subsignabo.</span> 
     </span>
     <span class='ocr_line' id='line_1_10' title="bbox 397 1455 1606 1536; baseline -0.003 -14"><span class='ocrx_word' id='word_1_76' title='bbox 397 1458 457 1522; x_wconf 88' lang='lat' dir='ltr'>Ad</span> <span class='ocrx_word' id='word_1_77' title='bbox 471 1460 560 1521; x_wconf 89' lang='lat' dir='ltr'>haec</span> <span class='ocrx_word' id='word_1_78' title='bbox 574 1455 734 1522; x_wconf 88' lang='lat' dir='ltr'>Societas</span> <span class='ocrx_word' id='word_1_79' title='bbox 749 1464 871 1519; x_wconf 89' lang='lat' dir='ltr'>nostra</span> <span class='ocrx_word' id='word_1_80' title='bbox 886 1473 952 1520; x_wconf 92' lang='lat' dir='ltr'>nec</span> <span class='ocrx_word' id='word_1_81' title='bbox 966 1473 1005 1520; x_wconf 89' lang='lat' dir='ltr'>se</span> <span class='ocrx_word' id='word_1_82' title='bbox 1021 1456 1193 1520; x_wconf 90' lang='lat' dir='ltr'>immiscet</span> <span class='ocrx_word' id='word_1_83' title='bbox 1211 1473 1277 1520; x_wconf 91' lang='lat' dir='ltr'>nec</span> <span class='ocrx_word' id='word_1_84' title='bbox 1297 1456 1496 1520; x_wconf 90' lang='lat' dir='ltr'>immiscere</span> <span class='ocrx_word' id='word_1_85' title='bbox 1508 1465 1606 1536; x_wconf 89' lang='lat' dir='ltr'>potest</span> 
     </span>
     <span class='ocr_line' id='line_1_11' title="bbox 397 1560 1605 1643; baseline -0.004 -16"><span class='ocrx_word' id='word_1_86' title='bbox 397 1565 507 1642; x_wconf 87' lang='lat' dir='ltr'>istis,</span> <span class='ocrx_word' id='word_1_87' title='bbox 524 1563 625 1628; x_wconf 92' lang='lat' dir='ltr'>Ultro</span> <span class='ocrx_word' id='word_1_88' title='bbox 640 1563 840 1626; x_wconf 91' lang='lat' dir='ltr'>obtulerunt</span> <span class='ocrx_word' id='word_1_89' title='bbox 856 1563 941 1626; x_wconf 93' lang='lat' dir='ltr'>mihi</span> <span class='ocrx_word' id='word_1_90' title='bbox 955 1580 1045 1643; x_wconf 89' lang='lat' dir='ltr'>quae</span> <span class='ocrx_word' id='word_1_91' title='bbox 1064 1562 1169 1626; x_wconf 87' lang='lat' dir='ltr'>latius</span> <span class='ocrx_word' id='word_1_92' title='bbox 1189 1563 1305 1626; x_wconf 90' lang='lat' dir='ltr'>scribo</span> <span class='ocrx_word' id='word_1_93' title='bbox 1331 1561 1373 1626; x_wconf 92' lang='lat' dir='ltr'>R.</span> <span class='ocrx_word' id='word_1_94' title='bbox 1394 1560 1433 1626; x_wconf 87' lang='grc' dir='ltr'>Ρ.</span> <span class='ocrx_word' id='word_1_95' title='bbox 1458 1561 1605 1625; x_wconf 89' lang='lat' dir='ltr'>Polanco.</span> 
     </span>
     <span class='ocr_line' id='line_1_12' title="bbox 397 1667 1606 1751; baseline -0.003 -17"><span class='ocrx_word' id='word_1_96' title='bbox 397 1671 453 1735; x_wconf 93' lang='lat' dir='ltr'>De</span> <span class='ocrx_word' id='word_1_97' title='bbox 468 1670 718 1751; x_wconf 88' lang='lat' dir='ltr'>temporalibus</span> <span class='ocrx_word' id='word_1_98' title='bbox 733 1669 826 1733; x_wconf 91' lang='lat' dir='ltr'>enim</span> <span class='ocrx_word' id='word_1_99' title='bbox 841 1670 887 1733; x_wconf 92' lang='lat' dir='ltr'>ad</span> <span class='ocrx_word' id='word_1_100' title='bbox 900 1667 939 1732; x_wconf 91' lang='lat' dir='ltr'>P.</span> <span class='ocrx_word' id='word_1_101' title='bbox 955 1669 1001 1733; x_wconf 89' lang='lat' dir='ltr'>V.</span> <span class='ocrx_word' id='word_1_102' title='bbox 1019 1670 1173 1733; x_wconf 91' lang='lat' dir='ltr'>scribere</span> <span class='ocrx_word' id='word_1_103' title='bbox 1194 1686 1266 1733; x_wconf 90' lang='lat' dir='ltr'>non</span> <span class='ocrx_word' id='word_1_104' title='bbox 1291 1670 1405 1732; x_wconf 88' lang='lat' dir='ltr'>audeo</span> <span class='ocrx_word' id='word_1_105' title='bbox 1420 1687 1485 1732; x_wconf 91' lang='lat' dir='ltr'>nec</span> <span class='ocrx_word' id='word_1_106' title='bbox 1499 1669 1606 1732; x_wconf 85' lang='lat' dir='ltr'>decere</span> 
     </span>
     <span class='ocr_line' id='line_1_13' title="bbox 396 1788 497 1859; baseline -0.04 -17"><span class='ocrx_word' id='word_1_107' title='bbox 396 1788 497 1859; x_wconf 88' lang='lat' dir='ltr'>puto.</span> 
     </span>
    </p>

    <p class='ocr_par' dir='ltr' id='par_1_3' title="bbox 290 1882 1616 3990">
     <span class='ocr_line' id='line_1_14' title="bbox 290 1882 1606 1968; baseline -0.005 -18"><span class='ocrx_word' id='word_1_108' title='bbox 290 1885 294 1894; x_wconf 86' lang='lat'>&#39;</span> <span class='ocrx_word' id='word_1_109' title='bbox 457 1885 652 1966; x_wconf 89' lang='lat' dir='ltr'>Antuerpia</span> <span class='ocrx_word' id='word_1_110' title='bbox 675 1885 853 1968; x_wconf 86' lang='lat' dir='ltr'>profectus</span> <span class='ocrx_word' id='word_1_111' title='bbox 878 1902 956 1948; x_wconf 92' lang='lat' dir='ltr'>sum</span> <span class='ocrx_word' id='word_1_112' title='bbox 976 1883 1022 1948; x_wconf 93' lang='lat' dir='ltr'>ad</span> <span class='ocrx_word' id='word_1_113' title='bbox 1043 1883 1264 1965; x_wconf 88' lang='lat' dir='ltr'>praedictum</span> <span class='ocrx_word' id='word_1_114' title='bbox 1289 1883 1480 1948; x_wconf 88' lang='lat' dir='ltr'>Dominum</span> <span class='ocrx_word' id='word_1_115' title='bbox 1502 1883 1536 1945; x_wconf 92' lang='lat' dir='ltr'>in</span> <span class='ocrx_word' id='word_1_116' title='bbox 1554 1882 1606 1944; x_wconf 88' lang='lat' dir='ltr'>Cu-</span> 
     </span>
     <span class='ocr_line' id='line_1_15' title="bbox 395 1987 1608 2072; baseline -0.004 -17"><span class='ocrx_word' id='word_1_117' title='bbox 395 1992 580 2070; x_wconf 91' lang='lat' dir='ltr'>lenberch,</span> <span class='ocrx_word' id='word_1_118' title='bbox 597 2001 631 2055; x_wconf 92' lang='lat' dir='ltr'>et</span> <span class='ocrx_word' id='word_1_119' title='bbox 643 1991 689 2055; x_wconf 93' lang='lat' dir='ltr'>ibi</span> <span class='ocrx_word' id='word_1_120' title='bbox 704 2002 854 2072; x_wconf 90' lang='lat' dir='ltr'>quatuor</span> <span class='ocrx_word' id='word_1_121' title='bbox 868 1991 990 2054; x_wconf 92' lang='lat' dir='ltr'>diebus</span> <span class='ocrx_word' id='word_1_122' title='bbox 1003 1991 1165 2070; x_wconf 69' lang='lat' dir='ltr'>haerens</span> <span class='ocrx_word' id='word_1_123' title='bbox 1181 1991 1275 2054; x_wconf 92' lang='lat' dir='ltr'>hunc</span> <span class='ocrx_word' id='word_1_124' title='bbox 1293 1989 1496 2069; x_wconf 88' lang='lat' dir='ltr'>Dominum,</span> <span class='ocrx_word' id='word_1_125' title='bbox 1513 1987 1549 2050; x_wconf 80' lang='grc'>54</span> <span class='ocrx_word' id='word_1_126' title='bbox 1561 2006 1608 2050; x_wconf 88' lang='lat' dir='ltr'>an-</span> 
     </span>
     <span class='ocr_line' id='line_1_16' title="bbox 388 2096 1609 2178; baseline -0.005 -16"><span class='ocrx_word' id='word_1_127' title='bbox 388 2099 536 2178; x_wconf 86' lang='lat' dir='ltr'>norum,</span> <span class='ocrx_word' id='word_1_128' title='bbox 553 2099 760 2162; x_wconf 86' lang='lat' dir='ltr'>exhortatus</span> <span class='ocrx_word' id='word_1_129' title='bbox 775 2115 853 2161; x_wconf 91' lang='lat' dir='ltr'>sum</span> <span class='ocrx_word' id='word_1_130' title='bbox 866 2115 948 2161; x_wconf 90' lang='lat' dir='ltr'>cum</span> <span class='ocrx_word' id='word_1_131' title='bbox 961 2096 1028 2161; x_wconf 90' lang='lat' dir='ltr'>Dei</span> <span class='ocrx_word' id='word_1_132' title='bbox 1042 2097 1159 2177; x_wconf 82' lang='lat' dir='ltr'>gratia</span> <span class='ocrx_word' id='word_1_133' title='bbox 1174 2097 1219 2160; x_wconf 87' lang='lat' dir='ltr'>ad</span> <span class='ocrx_word' id='word_1_134' title='bbox 1238 2097 1402 2176; x_wconf 82' lang='lat' dir='ltr'>meliora,</span> <span class='ocrx_word' id='word_1_135' title='bbox 1421 2105 1456 2160; x_wconf 92' lang='lat' dir='ltr'>et</span> <span class='ocrx_word' id='word_1_136' title='bbox 1470 2096 1609 2161; x_wconf 91' lang='lat' dir='ltr'>similiter</span> 
     </span>
     <span class='ocr_line' id='line_1_17' title="bbox 396 2202 1607 2284; baseline -0.004 -16"><span class='ocrx_word' id='word_1_137' title='bbox 396 2205 542 2268; x_wconf 89' lang='lat' dir='ltr'>doctum</span> <span class='ocrx_word' id='word_1_138' title='bbox 563 2205 679 2268; x_wconf 91' lang='lat' dir='ltr'>virum</span> <span class='ocrx_word' id='word_1_139' title='bbox 701 2205 842 2268; x_wconf 87' lang='lat' dir='ltr'>circiter</span> <span class='ocrx_word' id='word_1_140' title='bbox 861 2203 902 2266; x_wconf 92' lang='grc'>40</span> <span class='ocrx_word' id='word_1_141' title='bbox 920 2221 1033 2268; x_wconf 91' lang='lat' dir='ltr'>annos</span> <span class='ocrx_word' id='word_1_142' title='bbox 1051 2213 1193 2282; x_wconf 91' lang='lat' dir='ltr'>natum,</span> <span class='ocrx_word' id='word_1_143' title='bbox 1216 2202 1374 2282; x_wconf 90' lang='lat' dir='ltr'>ejusdem</span> <span class='ocrx_word' id='word_1_144' title='bbox 1394 2203 1513 2284; x_wconf 90' lang='lat' dir='ltr'>templi</span> <span class='ocrx_word' id='word_1_145' title='bbox 1530 2204 1607 2264; x_wconf 89' lang='lat' dir='ltr'>vica-</span> 
     </span>
     <span class='ocr_line' id='line_1_18' title="bbox 398 2311 1608 2391; baseline -0.005 -16"><span class='ocrx_word' id='word_1_146' title='bbox 398 2314 506 2389; x_wconf 89' lang='lat' dir='ltr'>rium,</span> <span class='ocrx_word' id='word_1_147' title='bbox 524 2321 557 2374; x_wconf 90' lang='lat' dir='ltr'>et</span> <span class='ocrx_word' id='word_1_148' title='bbox 572 2311 728 2391; x_wconf 77' lang='lat' dir='ltr'>eiusdem</span> <span class='ocrx_word' id='word_1_149' title='bbox 741 2327 830 2391; x_wconf 90' lang='lat' dir='ltr'>pene</span> <span class='ocrx_word' id='word_1_150' title='bbox 846 2311 973 2374; x_wconf 89' lang='lat' dir='ltr'>aetatis</span> <span class='ocrx_word' id='word_1_151' title='bbox 987 2318 1023 2373; x_wconf 88' lang='lat' dir='ltr'>et</span> <span class='ocrx_word' id='word_1_152' title='bbox 1037 2311 1218 2374; x_wconf 90' lang='lat' dir='ltr'>doctrinae</span> <span class='ocrx_word' id='word_1_153' title='bbox 1232 2358 1239 2389; x_wconf 97' lang='lat'>,</span> <span class='ocrx_word' id='word_1_154' title='bbox 1256 2318 1395 2391; x_wconf 86' lang='lat' dir='ltr'>patrem</span> <span class='ocrx_word' id='word_1_155' title='bbox 1409 2313 1608 2374; x_wconf 88' lang='lat' dir='ltr'>saecularem</span> 
     </span>
     <span class='ocr_line' id='line_1_19' title="bbox 399 2416 1608 2498; baseline -0.004 -17"><span class='ocrx_word' id='word_1_156' title='bbox 399 2416 583 2498; x_wconf 84' lang='lat' dir='ltr'>cujusdam</span> <span class='ocrx_word' id='word_1_157' title='bbox 607 2416 826 2496; x_wconf 88' lang='lat' dir='ltr'>monasterii;</span> <span class='ocrx_word' id='word_1_158' title='bbox 854 2417 914 2498; x_wconf 92' lang='lat' dir='ltr'>qui</span> <span class='ocrx_word' id='word_1_159' title='bbox 936 2416 1085 2480; x_wconf 90' lang='lat' dir='ltr'>libenter</span> <span class='ocrx_word' id='word_1_160' title='bbox 1110 2417 1250 2498; x_wconf 92' lang='lat' dir='ltr'>quidem</span> <span class='ocrx_word' id='word_1_161' title='bbox 1276 2433 1332 2480; x_wconf 90' lang='lat' dir='ltr'>me</span> <span class='ocrx_word' id='word_1_162' title='bbox 1357 2417 1481 2480; x_wconf 87' lang='lat' dir='ltr'>audire</span> <span class='ocrx_word' id='word_1_163' title='bbox 1506 2416 1608 2494; x_wconf 83' lang='lat' dir='ltr'>digna·</span> 
     </span>
     <span class='ocr_line' id='line_1_20' title="bbox 400 2522 1608 2603; baseline -0.002 -17"><span class='ocrx_word' id='word_1_164' title='bbox 400 2525 528 2586; x_wconf 92' lang='lat' dir='ltr'>bantur</span> <span class='ocrx_word' id='word_1_165' title='bbox 543 2533 578 2586; x_wconf 92' lang='lat' dir='ltr'>et</span> <span class='ocrx_word' id='word_1_166' title='bbox 593 2524 638 2587; x_wconf 89' lang='lat' dir='ltr'>ad</span> <span class='ocrx_word' id='word_1_167' title='bbox 654 2523 823 2587; x_wconf 87' lang='lat' dir='ltr'>exercitia</span> <span class='ocrx_word' id='word_1_168' title='bbox 838 2522 1028 2586; x_wconf 90' lang='lat' dir='ltr'>voluntarii</span> <span class='ocrx_word' id='word_1_169' title='bbox 1043 2531 1164 2601; x_wconf 73' lang='lat' dir='ltr'>erant,</span> <span class='ocrx_word' id='word_1_170' title='bbox 1187 2523 1250 2586; x_wconf 86' lang='lat' dir='ltr'>sed</span> <span class='ocrx_word' id='word_1_171' title='bbox 1273 2522 1357 2586; x_wconf 90' lang='lat' dir='ltr'>dum</span> <span class='ocrx_word' id='word_1_172' title='bbox 1376 2539 1444 2603; x_wconf 86' lang='lat' dir='ltr'>ego</span> <span class='ocrx_word' id='word_1_173' title='bbox 1465 2522 1608 2586; x_wconf 83' lang='lat' dir='ltr'>offerrem</span> 
     </span>
     <span class='ocr_line' id='line_1_21' title="bbox 398 2627 1608 2709; baseline -0.005 -16"><span class='ocrx_word' id='word_1_174' title='bbox 398 2647 457 2693; x_wconf 89' lang='lat' dir='ltr'>me</span> <span class='ocrx_word' id='word_1_175' title='bbox 472 2630 517 2692; x_wconf 90' lang='lat' dir='ltr'>ad</span> <span class='ocrx_word' id='word_1_176' title='bbox 533 2630 664 2709; x_wconf 89' lang='lat' dir='ltr'>aliquot</span> <span class='ocrx_word' id='word_1_177' title='bbox 683 2630 757 2692; x_wconf 86' lang='lat' dir='ltr'>dies</span> <span class='ocrx_word' id='word_1_178' title='bbox 777 2647 839 2692; x_wconf 90' lang='lat' dir='ltr'>seu</span> <span class='ocrx_word' id='word_1_179' title='bbox 857 2627 1097 2692; x_wconf 87' lang='lat' dir='ltr'>hebdomadas</span> <span class='ocrx_word' id='word_1_180' title='bbox 1115 2645 1339 2708; x_wconf 90' lang='lat' dir='ltr'>mansurum,</span> <span class='ocrx_word' id='word_1_181' title='bbox 1360 2647 1433 2693; x_wconf 90' lang='lat' dir='ltr'>non</span> <span class='ocrx_word' id='word_1_182' title='bbox 1452 2629 1608 2692; x_wconf 84' lang='lat' dir='ltr'>audebant</span> 
     </span>
     <span class='ocr_line' id='line_1_22' title="bbox 402 2735 1608 2816; baseline -0.003 -16"><span class='ocrx_word' id='word_1_183' title='bbox 402 2753 442 2800; x_wconf 90' lang='lat' dir='ltr'>se</span> <span class='ocrx_word' id='word_1_184' title='bbox 468 2736 536 2799; x_wconf 88' lang='lat' dir='ltr'>illis</span> <span class='ocrx_word' id='word_1_185' title='bbox 557 2737 790 2816; x_wconf 88' lang='lat' dir='ltr'>committere,</span> <span class='ocrx_word' id='word_1_186' title='bbox 816 2735 879 2800; x_wconf 92' lang='lat' dir='ltr'>sed</span> <span class='ocrx_word' id='word_1_187' title='bbox 899 2737 989 2800; x_wconf 82' lang='lat' dir='ltr'>velle</span> <span class='ocrx_word' id='word_1_188' title='bbox 1015 2735 1130 2800; x_wconf 91' lang='lat' dir='ltr'>adhuc</span> <span class='ocrx_word' id='word_1_189' title='bbox 1155 2735 1347 2800; x_wconf 90' lang='lat' dir='ltr'>Dominum</span> <span class='ocrx_word' id='word_1_190' title='bbox 1368 2754 1472 2800; x_wconf 90' lang='lat' dir='ltr'>orare</span> <span class='ocrx_word' id='word_1_191' title='bbox 1493 2745 1525 2800; x_wconf 92' lang='lat' dir='ltr'>et</span> <span class='ocrx_word' id='word_1_192' title='bbox 1546 2753 1608 2798; x_wconf 84' lang='lat' dir='ltr'>sese</span> 
     </span>
     <span class='ocr_line' id='line_1_23' title="bbox 403 2843 1609 2924; baseline -0.002 -18"><span class='ocrx_word' id='word_1_193' title='bbox 403 2861 634 2924; x_wconf 88' lang='lat' dir='ltr'>praeparare,</span> <span class='ocrx_word' id='word_1_194' title='bbox 654 2853 688 2906; x_wconf 91' lang='lat' dir='ltr'>et</span> <span class='ocrx_word' id='word_1_195' title='bbox 708 2844 792 2906; x_wconf 91' lang='lat' dir='ltr'>data</span> <span class='ocrx_word' id='word_1_196' title='bbox 811 2844 1073 2924; x_wconf 86' lang='lat' dir='ltr'>opportunitate</span> <span class='ocrx_word' id='word_1_197' title='bbox 1093 2844 1215 2906; x_wconf 90' lang='lat' dir='ltr'>venire</span> <span class='ocrx_word' id='word_1_198' title='bbox 1230 2843 1429 2908; x_wconf 89' lang='lat' dir='ltr'>Lovanium</span> <span class='ocrx_word' id='word_1_199' title='bbox 1443 2854 1478 2908; x_wconf 90' lang='lat' dir='ltr'>et</span> <span class='ocrx_word' id='word_1_200' title='bbox 1492 2843 1536 2907; x_wconf 92' lang='lat' dir='ltr'>ibi</span> <span class='ocrx_word' id='word_1_201' title='bbox 1550 2860 1609 2905; x_wconf 89' lang='lat' dir='ltr'>sus·</span> 
     </span>
     <span class='ocr_line' id='line_1_24' title="bbox 401 2949 1610 3030; baseline -0.003 -17"><span class='ocrx_word' id='word_1_202' title='bbox 401 2952 520 3030; x_wconf 89' lang='lat' dir='ltr'>cipere</span> <span class='ocrx_word' id='word_1_203' title='bbox 540 2950 720 3014; x_wconf 85' lang='lat' dir='ltr'>exercitia.</span> <span class='ocrx_word' id='word_1_204' title='bbox 746 2950 890 3014; x_wconf 86' lang='lat' dir='ltr'>Interim</span> <span class='ocrx_word' id='word_1_205' title='bbox 905 2950 965 3014; x_wconf 92' lang='lat' dir='ltr'>diu</span> <span class='ocrx_word' id='word_1_206' title='bbox 980 2951 1196 3030; x_wconf 89' lang='lat' dir='ltr'>multumque</span> <span class='ocrx_word' id='word_1_207' title='bbox 1216 2958 1363 3029; x_wconf 87' lang='lat' dir='ltr'>rogatus</span> <span class='ocrx_word' id='word_1_208' title='bbox 1378 2967 1399 3012; x_wconf 87' lang='lat' dir='ltr'>a</span> <span class='ocrx_word' id='word_1_209' title='bbox 1419 2949 1512 3014; x_wconf 90' lang='lat' dir='ltr'>dicto</span> <span class='ocrx_word' id='word_1_210' title='bbox 1526 2958 1610 3030; x_wconf 86' lang='lat' dir='ltr'>patre</span> 
     </span>
     <span class='ocr_line' id='line_1_25' title="bbox 400 3056 1610 3137; baseline -0.004 -17"><span class='ocrx_word' id='word_1_211' title='bbox 400 3067 439 3120; x_wconf 90' lang='lat' dir='ltr'>et</span> <span class='ocrx_word' id='word_1_212' title='bbox 457 3067 570 3120; x_wconf 88' lang='lat' dir='ltr'>matre</span> <span class='ocrx_word' id='word_1_213' title='bbox 590 3056 750 3120; x_wconf 89' lang='lat' dir='ltr'>coenobii</span> <span class='ocrx_word' id='word_1_214' title='bbox 769 3067 806 3120; x_wconf 88' lang='lat' dir='ltr'>ut</span> <span class='ocrx_word' id='word_1_215' title='bbox 827 3056 982 3120; x_wconf 85' lang='lat' dir='ltr'>iacerem</span> <span class='ocrx_word' id='word_1_216' title='bbox 1006 3057 1229 3120; x_wconf 91' lang='lat' dir='ltr'>collationem</span> <span class='ocrx_word' id='word_1_217' title='bbox 1248 3075 1314 3137; x_wconf 92' lang='lat' dir='ltr'>pro</span> <span class='ocrx_word' id='word_1_218' title='bbox 1336 3057 1556 3135; x_wconf 76' lang='lat' dir='ltr'>monialibuS,</span> <span class='ocrx_word' id='word_1_219' title='bbox 1575 3073 1610 3116; x_wconf 82' lang='lat' dir='ltr'>ex</span> 
     </span>
     <span class='ocr_line' id='line_1_26' title="bbox 404 3161 1612 3245; baseline -0.004 -17"><span class='ocrx_word' id='word_1_220' title='bbox 404 3175 576 3245; x_wconf 90' lang='lat' dir='ltr'>tempore,</span> <span class='ocrx_word' id='word_1_221' title='bbox 592 3161 745 3227; x_wconf 91' lang='lat' dir='ltr'>Domino</span> <span class='ocrx_word' id='word_1_222' title='bbox 767 3161 1000 3244; x_wconf 91' lang='lat' dir='ltr'>concedente,</span> <span class='ocrx_word' id='word_1_223' title='bbox 1022 3163 1106 3243; x_wconf 91' lang='lat' dir='ltr'>feci,</span> <span class='ocrx_word' id='word_1_224' title='bbox 1127 3163 1279 3227; x_wconf 90' lang='lat' dir='ltr'>sednon</span> <span class='ocrx_word' id='word_1_225' title='bbox 1299 3165 1375 3227; x_wconf 91' lang='lat' dir='ltr'>sine</span> <span class='ocrx_word' id='word_1_226' title='bbox 1390 3162 1612 3245; x_wconf 89' lang='lat' dir='ltr'>praecedenti·</span> 
     </span>
     <span class='ocr_line' id='line_1_27' title="bbox 401 3270 1612 3352; baseline -0.003 -18"><span class='ocrx_word' id='word_1_227' title='bbox 401 3271 469 3334; x_wconf 90' lang='lat' dir='ltr'>bus</span> <span class='ocrx_word' id='word_1_228' title='bbox 484 3271 601 3334; x_wconf 90' lang='lat' dir='ltr'>multis</span> <span class='ocrx_word' id='word_1_229' title='bbox 622 3271 809 3350; x_wconf 85' lang='lat' dir='ltr'>angustiis;</span> <span class='ocrx_word' id='word_1_230' title='bbox 833 3289 912 3334; x_wconf 91' lang='lat' dir='ltr'>cum</span> <span class='ocrx_word' id='word_1_231' title='bbox 931 3272 1025 3334; x_wconf 91' lang='lat' dir='ltr'>enim</span> <span class='ocrx_word' id='word_1_232' title='bbox 1045 3271 1118 3334; x_wconf 87' lang='lat' dir='ltr'>sere</span> <span class='ocrx_word' id='word_1_233' title='bbox 1136 3281 1208 3334; x_wconf 90' lang='lat' dir='ltr'>tres</span> <span class='ocrx_word' id='word_1_234' title='bbox 1229 3270 1339 3334; x_wconf 90' lang='lat' dir='ltr'>horae</span> <span class='ocrx_word' id='word_1_235' title='bbox 1355 3270 1401 3333; x_wconf 88' lang='lat' dir='ltr'>ad</span> <span class='ocrx_word' id='word_1_236' title='bbox 1415 3287 1612 3352; x_wconf 90' lang='lat' dir='ltr'>praeparan-</span> 
     </span>
     <span class='ocr_line' id='line_1_28' title="bbox 401 3376 1613 3458; baseline -0.002 -19"><span class='ocrx_word' id='word_1_237' title='bbox 401 3377 487 3440; x_wconf 89' lang='lat' dir='ltr'>dum</span> <span class='ocrx_word' id='word_1_238' title='bbox 501 3395 556 3440; x_wconf 88' lang='lat' dir='ltr'>me</span> <span class='ocrx_word' id='word_1_239' title='bbox 572 3377 656 3440; x_wconf 91' lang='lat' dir='ltr'>mihi</span> <span class='ocrx_word' id='word_1_240' title='bbox 671 3387 910 3458; x_wconf 91' lang='lat' dir='ltr'>superessent,</span> <span class='ocrx_word' id='word_1_241' title='bbox 928 3394 995 3457; x_wconf 86' lang='lat' dir='ltr'>ego</span> <span class='ocrx_word' id='word_1_242' title='bbox 1009 3378 1134 3441; x_wconf 88' lang='lat' dir='ltr'>volens</span> <span class='ocrx_word' id='word_1_243' title='bbox 1149 3377 1280 3457; x_wconf 90' lang='lat' dir='ltr'>aliquid</span> <span class='ocrx_word' id='word_1_244' title='bbox 1298 3376 1440 3441; x_wconf 89' lang='lat' dir='ltr'>studere</span> <span class='ocrx_word' id='word_1_245' title='bbox 1456 3386 1516 3441; x_wconf 88' lang='lat' dir='ltr'>aut</span> <span class='ocrx_word' id='word_1_246' title='bbox 1528 3394 1613 3458; x_wconf 85' lang='lat' dir='ltr'>prae-</span> 
     </span>
     <span class='ocr_line' id='line_1_29' title="bbox 385 3483 1613 3565; baseline -0.004 -17"><span class='ocrx_word' id='word_1_247' title='bbox 385 3485 567 3548; x_wconf 89' lang='lat' dir='ltr'>·meditari</span> <span class='ocrx_word' id='word_1_248' title='bbox 586 3483 679 3565; x_wconf 91' lang='lat' dir='ltr'>quod</span> <span class='ocrx_word' id='word_1_249' title='bbox 700 3484 858 3548; x_wconf 90' lang='lat' dir='ltr'>dicturus</span> <span class='ocrx_word' id='word_1_250' title='bbox 879 3502 1008 3563; x_wconf 89' lang='lat' dir='ltr'>essem,</span> <span class='ocrx_word' id='word_1_251' title='bbox 1027 3502 1155 3565; x_wconf 91' lang='lat' dir='ltr'>parum</span> <span class='ocrx_word' id='word_1_252' title='bbox 1174 3493 1235 3548; x_wconf 91' lang='lat' dir='ltr'>aut</span> <span class='ocrx_word' id='word_1_253' title='bbox 1256 3483 1344 3548; x_wconf 91' lang='lat' dir='ltr'>nihil</span> <span class='ocrx_word' id='word_1_254' title='bbox 1362 3483 1500 3548; x_wconf 87' lang='lat' dir='ltr'>efficere</span> <span class='ocrx_word' id='word_1_255' title='bbox 1518 3483 1613 3564; x_wconf 71' lang='lat' dir='ltr'>potui</span> 
     </span>
     <span class='ocr_line' id='line_1_30' title="bbox 402 3589 1613 3671; baseline -0.004 -17"><span class='ocrx_word' id='word_1_256' title='bbox 402 3591 453 3654; x_wconf 87' lang='lat' dir='ltr'>ita</span> <span class='ocrx_word' id='word_1_257' title='bbox 469 3599 507 3654; x_wconf 86' lang='lat' dir='ltr'>ut</span> <span class='ocrx_word' id='word_1_258' title='bbox 521 3600 661 3670; x_wconf 85' lang='lat' dir='ltr'>praeter</span> <span class='ocrx_word' id='word_1_259' title='bbox 677 3591 793 3670; x_wconf 90' lang='lat' dir='ltr'>ipsum</span> <span class='ocrx_word' id='word_1_260' title='bbox 806 3591 1000 3671; x_wconf 90' lang='lat' dir='ltr'>principale</span> <span class='ocrx_word' id='word_1_261' title='bbox 1019 3591 1153 3669; x_wconf 92' lang='lat' dir='ltr'>thema,</span> <span class='ocrx_word' id='word_1_262' title='bbox 1174 3591 1236 3653; x_wconf 83' lang='lat' dir='ltr'>vix</span> <span class='ocrx_word' id='word_1_263' title='bbox 1256 3591 1424 3654; x_wconf 91' lang='lat' dir='ltr'>haberem</span> <span class='ocrx_word' id='word_1_264' title='bbox 1440 3590 1531 3655; x_wconf 91' lang='lat' dir='ltr'>unde</span> <span class='ocrx_word' id='word_1_265' title='bbox 1544 3589 1613 3652; x_wconf 85' lang='lat' dir='ltr'>inci-</span> 
     </span>
     <span class='ocr_line' id='line_1_31' title="bbox 402 3695 1615 3778; baseline -0.003 -18"><span class='ocrx_word' id='word_1_266' title='bbox 402 3714 487 3778; x_wconf 91' lang='lat' dir='ltr'>pere</span> <span class='ocrx_word' id='word_1_267' title='bbox 501 3713 653 3776; x_wconf 86' lang='lat' dir='ltr'>possem.</span> <span class='ocrx_word' id='word_1_268' title='bbox 671 3695 739 3760; x_wconf 89' lang='lat' dir='ltr'>Sed</span> <span class='ocrx_word' id='word_1_269' title='bbox 755 3715 835 3760; x_wconf 91' lang='lat' dir='ltr'>cum</span> <span class='ocrx_word' id='word_1_270' title='bbox 846 3697 920 3778; x_wconf 84' lang='lat' dir='ltr'>jam</span> <span class='ocrx_word' id='word_1_271' title='bbox 931 3697 1061 3761; x_wconf 91' lang='lat' dir='ltr'>insede</span> <span class='ocrx_word' id='word_1_272' title='bbox 1076 3697 1329 3777; x_wconf 88' lang='lat' dir='ltr'>incoepissem,</span> <span class='ocrx_word' id='word_1_273' title='bbox 1345 3697 1519 3762; x_wconf 88' lang='lat' dir='ltr'>Dominus</span> <span class='ocrx_word' id='word_1_274' title='bbox 1533 3697 1615 3758; x_wconf 86' lang='lat' dir='ltr'>dedit</span> 
     </span>
     <span class='ocr_line' id='line_1_32' title="bbox 401 3803 1616 3884; baseline -0.002 -19"><span class='ocrx_word' id='word_1_275' title='bbox 401 3803 574 3883; x_wconf 81' lang='lat' dir='ltr'>gratiam,</span> <span class='ocrx_word' id='word_1_276' title='bbox 592 3804 640 3866; x_wconf 90' lang='lat' dir='ltr'>ita</span> <span class='ocrx_word' id='word_1_277' title='bbox 660 3812 701 3866; x_wconf 91' lang='lat' dir='ltr'>ut</span> <span class='ocrx_word' id='word_1_278' title='bbox 718 3803 818 3867; x_wconf 91' lang='lat' dir='ltr'>multi</span> <span class='ocrx_word' id='word_1_279' title='bbox 837 3821 1035 3868; x_wconf 90' lang='lat' dir='ltr'>sermonem</span> <span class='ocrx_word' id='word_1_280' title='bbox 1054 3804 1150 3867; x_wconf 90' lang='lat' dir='ltr'>illum</span> <span class='ocrx_word' id='word_1_281' title='bbox 1173 3805 1437 3884; x_wconf 87' lang='lat' dir='ltr'>exscripserint.</span> <span class='ocrx_word' id='word_1_282' title='bbox 1459 3805 1525 3868; x_wconf 92' lang='lat' dir='ltr'>Hic</span> <span class='ocrx_word' id='word_1_283' title='bbox 1543 3804 1616 3866; x_wconf 91' lang='lat' dir='ltr'>nulli</span> 
     </span>
     <span class='ocr_line' id='line_1_33' title="bbox 403 3909 971 3990; baseline 0.002 -18"><span class='ocrx_word' id='word_1_284' title='bbox 403 3920 466 3972; x_wconf 81' lang='lat' dir='ltr'>aut</span> <span class='ocrx_word' id='word_1_285' title='bbox 482 3909 584 3990; x_wconf 88' lang='lat' dir='ltr'>pauci</span> <span class='ocrx_word' id='word_1_286' title='bbox 599 3913 800 3974; x_wconf 88' lang='lat' dir='ltr'>saeculares</span> <span class='ocrx_word' id='word_1_287' title='bbox 817 3910 971 3974; x_wconf 81' lang='lat' dir='ltr'>adsuere.</span> 
     </span>
    </p>

    <p class='ocr_par' dir='ltr' id='par_1_4' title="bbox 401 3996 1617 4744">
     <span class='ocr_line' id='line_1_34' title="bbox 465 4015 1617 4099; baseline -0.002 -20"><span class='ocrx_word' id='word_1_288' title='bbox 465 4015 624 4096; x_wconf 87' lang='lat' dir='ltr'>Quatuor</span> <span class='ocrx_word' id='word_1_289' title='bbox 637 4016 755 4097; x_wconf 90' lang='lat' dir='ltr'>itaque</span> <span class='ocrx_word' id='word_1_290' title='bbox 771 4016 892 4080; x_wconf 90' lang='lat' dir='ltr'>diebus</span> <span class='ocrx_word' id='word_1_291' title='bbox 912 4018 948 4080; x_wconf 91' lang='lat' dir='ltr'>in</span> <span class='ocrx_word' id='word_1_292' title='bbox 967 4017 1061 4083; x_wconf 89' lang='lat' dir='ltr'>dicto</span> <span class='ocrx_word' id='word_1_293' title='bbox 1081 4017 1300 4082; x_wconf 89' lang='lat' dir='ltr'>Culenberch</span> <span class='ocrx_word' id='word_1_294' title='bbox 1321 4020 1490 4099; x_wconf 90' lang='lat' dir='ltr'>haerens,</span> <span class='ocrx_word' id='word_1_295' title='bbox 1507 4020 1617 4082; x_wconf 85' lang='lat' dir='ltr'>volens</span> 
     </span>
     <span class='ocr_line' id='line_1_35' title="bbox 403 4122 1615 4205; baseline 0.002 -21"><span class='ocrx_word' id='word_1_296' title='bbox 403 4122 581 4202; x_wconf 90' lang='lat' dir='ltr'>proficisci</span> <span class='ocrx_word' id='word_1_297' title='bbox 595 4123 868 4203; x_wconf 78' lang='lat' dir='ltr'>AmsterdamiS,</span> <span class='ocrx_word' id='word_1_298' title='bbox 890 4123 988 4186; x_wconf 87' lang='lat' dir='ltr'>haesi</span> <span class='ocrx_word' id='word_1_299' title='bbox 1007 4123 1175 4205; x_wconf 89' lang='lat' dir='ltr'>Trajecti,</span> <span class='ocrx_word' id='word_1_300' title='bbox 1200 4135 1253 4188; x_wconf 90' lang='lat' dir='ltr'>est</span> <span class='ocrx_word' id='word_1_301' title='bbox 1275 4125 1367 4188; x_wconf 88' lang='lat' dir='ltr'>enim</span> <span class='ocrx_word' id='word_1_302' title='bbox 1382 4126 1511 4189; x_wconf 92' lang='lat' dir='ltr'>civitas</span> <span class='ocrx_word' id='word_1_303' title='bbox 1527 4126 1615 4189; x_wconf 83' lang='lat' dir='ltr'>inter</span> 
     </span>
     <span class='ocr_line' id='line_1_36' title="bbox 404 4228 1615 4310; baseline 0.007 -18"><span class='ocrx_word' id='word_1_304' title='bbox 404 4228 536 4309; x_wconf 89' lang='lat' dir='ltr'>media,</span> <span class='ocrx_word' id='word_1_305' title='bbox 565 4230 659 4308; x_wconf 89' lang='lat' dir='ltr'>apud</span> <span class='ocrx_word' id='word_1_306' title='bbox 688 4231 950 4295; x_wconf 90' lang='lat' dir='ltr'>carthusienses</span> <span class='ocrx_word' id='word_1_307' title='bbox 974 4248 1044 4295; x_wconf 92' lang='lat' dir='ltr'>uno</span> <span class='ocrx_word' id='word_1_308' title='bbox 1070 4229 1140 4310; x_wconf 92' lang='lat' dir='ltr'>die,</span> <span class='ocrx_word' id='word_1_309' title='bbox 1170 4232 1356 4295; x_wconf 85' lang='lat' dir='ltr'>conserens</span> <span class='ocrx_word' id='word_1_310' title='bbox 1386 4250 1466 4296; x_wconf 91' lang='lat' dir='ltr'>cum</span> <span class='ocrx_word' id='word_1_311' title='bbox 1495 4231 1615 4299; x_wconf 80' lang='lat' dir='ltr'>Priore.</span> 
     </span>
     <span class='ocr_line' id='line_1_37' title="bbox 403 4335 1616 4419; baseline 0.001 -21"><span class='ocrx_word' id='word_1_312' title='bbox 403 4337 519 4400; x_wconf 87' lang='lat' dir='ltr'>amico</span> <span class='ocrx_word' id='word_1_313' title='bbox 543 4335 730 4400; x_wconf 88' lang='lat' dir='ltr'>Societatis</span> <span class='ocrx_word' id='word_1_314' title='bbox 751 4348 911 4418; x_wconf 89' lang='lat' dir='ltr'>nostrae,</span> <span class='ocrx_word' id='word_1_315' title='bbox 934 4340 998 4402; x_wconf 92' lang='lat' dir='ltr'>etsi</span> <span class='ocrx_word' id='word_1_316' title='bbox 1019 4339 1193 4402; x_wconf 89' lang='lat' dir='ltr'>neminem</span> <span class='ocrx_word' id='word_1_317' title='bbox 1213 4357 1257 4402; x_wconf 86' lang='lat' dir='ltr'>ex</span> <span class='ocrx_word' id='word_1_318' title='bbox 1277 4337 1456 4403; x_wconf 87' lang='lat' dir='ltr'>Societate</span> <span class='ocrx_word' id='word_1_319' title='bbox 1476 4357 1616 4419; x_wconf 86' lang='lat' dir='ltr'>unquam</span> 
     </span>
     <span class='ocr_line' id='line_1_38' title="bbox 403 4443 1616 4526; baseline 0 -21"><span class='ocrx_word' id='word_1_320' title='bbox 403 4443 563 4506; x_wconf 86' lang='lat' dir='ltr'>vidisset.</span> <span class='ocrx_word' id='word_1_321' title='bbox 579 4443 618 4506; x_wconf 92' lang='lat' dir='ltr'>In</span> <span class='ocrx_word' id='word_1_322' title='bbox 632 4443 700 4507; x_wconf 94' lang='lat' dir='ltr'>hoc</span> <span class='ocrx_word' id='word_1_323' title='bbox 718 4446 888 4508; x_wconf 91' lang='lat' dir='ltr'>coenobio</span> <span class='ocrx_word' id='word_1_324' title='bbox 900 4446 1133 4509; x_wconf 89' lang='lat' dir='ltr'>carthusiensi</span> <span class='ocrx_word' id='word_1_325' title='bbox 1145 4453 1222 4509; x_wconf 88' lang='lat' dir='ltr'>erat</span> <span class='ocrx_word' id='word_1_326' title='bbox 1236 4446 1346 4509; x_wconf 85' lang='lat' dir='ltr'>frater</span> <span class='ocrx_word' id='word_1_327' title='bbox 1358 4446 1502 4526; x_wconf 93' lang='lat' dir='ltr'>quidam</span> <span class='ocrx_word' id='word_1_328' title='bbox 1516 4459 1616 4510; x_wconf 71' lang='lat' dir='ltr'>sacer-</span> 
     </span>
     <span class='ocr_line' id='line_1_39' title="bbox 401 4551 1617 4636; baseline 0.001 -23"><span class='ocrx_word' id='word_1_329' title='bbox 401 4551 485 4627; x_wconf 90' lang='lat' dir='ltr'>dos,</span> <span class='ocrx_word' id='word_1_330' title='bbox 503 4551 597 4632; x_wconf 91' lang='lat' dir='ltr'>quia</span> <span class='ocrx_word' id='word_1_331' title='bbox 612 4551 738 4631; x_wconf 87' lang='lat' dir='ltr'>viginti</span> <span class='ocrx_word' id='word_1_332' title='bbox 753 4552 906 4633; x_wconf 89' lang='lat' dir='ltr'>quinque</span> <span class='ocrx_word' id='word_1_333' title='bbox 927 4553 1029 4616; x_wconf 89' lang='lat' dir='ltr'>annis</span> <span class='ocrx_word' id='word_1_334' title='bbox 1049 4553 1226 4616; x_wconf 89' lang='lat' dir='ltr'>mirabiles</span> <span class='ocrx_word' id='word_1_335' title='bbox 1248 4565 1372 4634; x_wconf 89' lang='lat' dir='ltr'>raptus</span> <span class='ocrx_word' id='word_1_336' title='bbox 1395 4572 1506 4636; x_wconf 91' lang='lat' dir='ltr'>usque</span> <span class='ocrx_word' id='word_1_337' title='bbox 1526 4555 1617 4618; x_wconf 84' lang='lat' dir='ltr'>modo</span> 
     </span>
     <span class='ocr_line' id='line_1_40' title="bbox 403 4657 1616 4744; baseline 0.008 -23"><span class='ocrx_word' id='word_1_338' title='bbox 403 4657 604 4736; x_wconf 79' lang='lat' dir='ltr'>frequentes</span> <span class='ocrx_word' id='word_1_339' title='bbox 628 4659 776 4738; x_wconf 90' lang='lat' dir='ltr'>patitur,</span> <span class='ocrx_word' id='word_1_340' title='bbox 804 4676 876 4723; x_wconf 91' lang='lat' dir='ltr'>non</span> <span class='ocrx_word' id='word_1_341' title='bbox 900 4661 1012 4724; x_wconf 92' lang='lat' dir='ltr'>solum</span> <span class='ocrx_word' id='word_1_342' title='bbox 1037 4661 1161 4740; x_wconf 88' lang='lat' dir='ltr'>spiritu</span> <span class='ocrx_word' id='word_1_343' title='bbox 1185 4677 1310 4724; x_wconf 86' lang='lat' dir='ltr'>verum</span> <span class='ocrx_word' id='word_1_344' title='bbox 1334 4663 1443 4726; x_wconf 92' lang='lat' dir='ltr'>etiam</span> <span class='ocrx_word' id='word_1_345' title='bbox 1468 4675 1616 4744; x_wconf 69' lang='lat' dir='ltr'>corpore}</span> 
     </span>
    </p>
   </div>
   <div class='ocr_carea' id='block_1_3' title="bbox 0 0 1714 5524">
    <p class='ocr_par' dir='ltr' id='par_1_5' title="bbox 0 0 1714 5524">
     <span class='ocr_line' id='line_1_41' title="bbox 0 0 1714 5524; baseline 0 0"><span class='ocrx_word' id='word_1_346' title='bbox 0 0 1714 5524; x_wconf 95' lang='lat' dir='ltr'> </span> 
     </span>
    </p>
   </div>
  </div>
 </body>
</html>
