3400 5524
784 510 1243 576 Ltrrunnsouanamnsrres
1336 549 1344 562 .

913 1189 1095 1273 'LXVII

448 1511 487 1568 P.
506 1509 628 1567 Paulus
641 1505 670 1566 d‘
684 1505 825 1566 Achillis

485 1607 577 1666 Patri
589 1605 718 1682 ignatio
732 1603 773 1664 de
786 1605 925 1678 Loyoia.

521 1704 696 1774 Panormo,
711 1703 724 1761 1
740 1701 906 1774 Octobris,
921 1702 990 1762 1550
1002 1702 1022 1760 ¹.

969 1961 1042 2080 nis

453 2261 579 2325 Gratia
593 2269 628 2324 et
643 2277 714 2341 pax
729 2258 872 2322 Domini
890 2258 1004 2323 nostri
1023 2260 1107 2341 Jesu
1126 2259 1261 2322 Christi
1279 2259 1325 2321 sit
1344 2276 1481 2340 semper
1500 2267 1531 2322 et
1548 2275 1595 2319 au·
1674 2323 1675 2328 ἵ

394 2378 522 2447 geatur
537 2368 574 2431 in
588 2367 754 2430 cordibus
769 2367 912 2430 nostris.

452 2475 634 2539 Exercitia
648 2472 851 2536 scholarum
866 2482 1069 2534 nostrarum
1087 2473 1164 2534 sine
1183 2473 1255 2535 ulia
1277 2489 1433 2552 unquam
1447 2469 1596 2536 intermis-

395 2583 494 2644 sione
516 2581 689 2642 hactenus
708 2578 919 2659 procedunt,
942 2577 1083 2641 tametsi
1104 2596 1176 2642 non
1195 2595 1321 2659 parum
1343 2578 1450 2643 fuerit
1463 2578 1597 2642 infensus

352 2721 361 2740 ·
393 2696 513 2750 aestus
532 2686 776 2749 vehementior
797 2685 1010 2764 praeteritae
1031 2685 1188 2748 aestatis.
1213 2683 1310 2749 Sicut
1332 2695 1451 2749 autem
1473 2692 1598 2766 propter

393 2794 573 2872 ingentem
606 2790 862 2854 multitudinem
893 2791 1148 2871 discipulorum
1176 2792 1349 2871 compulsi
1377 2792 1465 2856 alias
1488 2789 1598 2854 suimus

392 2916 500 2962 unam
522 2900 672 2961 classem
694 2897 730 2960 in
751 2897 841 2960 duas
856 2898 998 2977 partiri,
1020 2897 1070 2959 ita
1089 2913 1213 2960 rursus
1234 2897 1279 2959 ob
1299 2899 1460 2963 eamdem
1473 2913 1598 2960 causam

388 3007 637 3070 constituimus
653 3004 753 3068 initio
772 3003 970 3067 renovandi
990 3004 1097 3067 studii
1111 3003 1200 3066 duas
1221 3021 1266 3066 ex
1290 3021 1362 3068 una
1382 3004 1543 3082 conflare;
1564 3020 1599 3064 en

387 3129 542 3193 namque
558 3113 714 3176 continet
728 3111 911 3174 scholares
924 3111 1004 3190 plus
1018 3111 1134 3174 minus
1148 3119 1290 3174 centum
1305 3112 1546 3192 quadraginta.

449 3218 483 3282 Is
497 3215 585 3281 ordo
605 3217 826 3298 disciplinae,
848 3216 908 3297 qui
927 3218 973 3280 ab
994 3215 1139 3279 exordio
1163 3215 1267 3296 hujus
1286 3218 1394 3281 studii
1408 3218 1602 3282 constitutus

389 3335 459 3404 est,
476 3324 633 3406 persistit
649 3325 856 3402 inviolatus;
872 3323 1077 3404 priusquam
1092 3324 1185 3387 enim
1204 3323 1421 3405 incipiantur
1438 3324 1601 3394 lectiones,

389 3431 549 3514 quotidie
560 3431 628 3512 ipsi
636 3427 787 3510 juvenes
801 3428 948 3493 audiunt
962 3447 1121 3507 sacrum;
1136 3430 1233 3493 omni
1243 3447 1365 3494 mense
1377 3432 1520 3512 quisque
1532 3446 1604 3492 con-

387 3540 504 3626 fitetur
524 3547 673 3618 peccata
692 3552 773 3614 sua3
797 3537 984 3600 dominicis
1003 3535 1125 3599 itidem
1146 3536 1269 3600 diebus
1284 3538 1378 3601 bona
1396 3555 1480 3618 pars
1496 3537 1538 3600 ad
1551 3553 1603 3598 no·

388 3654 501 3708 strum
512 3645 682 3707 sacellum
690 3642 846 3722 confluit,
859 3642 1025 3705 audiendi
1035 3643 1208 3706 sermonis
1218 3645 1347 3722 gratio3
1362 3653 1517 3724 tempore
1527 3659 1605 3706 vero

387 3749 631 3828 pomeridiano
659 3758 742 3813 tunc
771 3759 805 3812 et
834 3749 913 3812 aliis
941 3749 1103 3813 omnibus
1130 3748 1229 3812 festis
1259 3749 1380 3814 diebus
1408 3751 1521 3828 multi,
1548 3766 1605 3810 sua

387 3865 515 3937 sponte
529 3857 632 3935 moti,
648 3855 792 3919 scholas
804 3854 949 3934 adeunt,
961 3856 1020 3919 ubi
1034 3865 1285 3936 praeceptores
1300 3857 1497 3938 spiritualia
1511 3855 1606 3918 docu-

389 3973 509 4028 menta
529 3980 594 4043 pro
615 3963 753 4026 ratione
914 3961 925 3992 2
946 3962 1014 4026 illis
1028 3962 1188 4042 t1·adunt;
1205 3963 1420 4043 doctrinam,
1441 3963 1607 4038 videlicet,

388 4070 636 4148 christianam,
657 4068 847 4149 proverbia
870 4067 1086 4149 Salomonis,
1103 4070 1179 4132 sive
1198 4071 1378 4151 quippiam
1394 4072 1504 4150 aliud,
1522 4068 1609 4150 quod

391 4177 436 4239 ad
452 4175 665 4239 christianos
680 4191 798 4238 mores
812 4174 1018 4239 formandos
1038 4175 1310 4240 conductibilius
1329 4175 1503 4256 Judicant3
1523 4175 1610 4239 unde

385 4284 452 4362 ipsi
467 4299 538 4345 non
551 4281 776 4345 mediocriter
790 4293 1059 4364 promoventur,
1084 4292 1119 4346 et
1134 4282 1170 4346 in
1185 4283 1301 4346 studio
1317 4284 1506 4363 litterario,
1530 4291 1561 4346 et
1576 4283 1612 4344 in

385 4388 582 4472 christiana
607 4388 749 4486 pietate3
769 4387 826 4452 Ad
848 4389 937 4451 haec
962 4406 1033 4452 non
1058 4389 1157 4452 deest
1180 4389 1338 4470 ipsorum
1362 4391 1612 4470 magistrorum

429 4595 437 4626 ¹
466 4593 589 4636 Historia
599 4592 687 4644 varia,
696 4591 748 4636 voi.
759 4601 776 4646 1,
787 4591 829 4635 iol.
840 4593 878 4635 tot
888 4599 914 4637 et
925 4593 971 4637 188.

426 4667 436 4696 ¹
464 4663 582 4718 Spatium
599 4663 647 4706 hoc
665 4663 702 4706 itt
719 4663 839 4706 relictum
855 4664 880 4706 in
897 4672 984 4709 nostro
995 4671 1169 4722 transumpto,
1182 4664 1335 4722 implendum
1347 4667 1466 4711 fortassis
1476 4671 1514 4710 est
1532 4668 1615 4710 verbo

384 4735 494 4780 aetatis.
