3390 5536
327 459 383 516 488
716 457 887 516 errnnae
906 473 1176 527 Quanarunsrnas

329 623 399 670 uno
414 606 668 685 interrogante,
683 605 794 669 altero
809 606 1054 685 respondente,
1069 605 1237 685 quidquid
1250 591 1494 686 superioribus
1505 608 1565 670 do·

329 713 452 792 cuerit,
468 713 663 776 novissima
679 715 828 777 lectione
843 723 1033 794 repetatur.

389 818 444 882 Ac
460 829 498 883 ut
513 819 555 882 de
576 819 837 883 confessionum
857 819 1053 900 frequentia
1074 821 1260 900 fructuque
1282 821 1477 900 uberrimo,
1499 820 1564 885 Re-

330 925 484 989 verende
499 927 535 989 in
550 926 690 990 Christo
706 926 757 1004 Ρ.,
774 927 932 990 nonnihil
947 927 1134 1006 intelligas
1150 944 1299 1007 magnus
1315 928 1360 991 ad
1375 945 1443 990 nos
1458 928 1561 992 confi-

329 1033 478 1098 tentium
491 1050 659 1097 numerus
670 1034 706 1096 in
718 1033 882 1098 Omnium
894 1033 1105 1098 Sanctorum
1117 1035 1348 1114 solemnitate,
1362 1053 1436 1099 non
1446 1037 1563 1099 minor

329 1141 365 1203 in
377 1140 492 1203 Divae
504 1141 666 1219 Virginis
676 1139 925 1221 conceptione,
939 1142 1114 1204 maximus
1127 1142 1163 1204 in
1174 1142 1367 1204 Nativitate
1379 1142 1562 1206 confluxit.

330 1247 421 1310 Nam
433 1248 488 1310 die
500 1246 704 1311 Natiuitatis
716 1249 862 1311 trecenti
875 1258 909 1310 et
929 1267 971 1311 eo
987 1250 1105 1328 plures
1123 1248 1276 1313 confessi
1296 1249 1565 1313 sanctissimum

329 1355 453 1419 altaris
468 1352 738 1418 Sacramentum
753 1365 1001 1436 susceperunt,
1024 1374 1069 1418 ex
1089 1357 1217 1435 quibus
1236 1355 1409 1435 plurimae
1432 1365 1568 1418 matro-

330 1477 409 1538 nae,
425 1461 582 1524 nonnulli
598 1461 705 1525 etiam
720 1463 790 1525 viri
803 1463 940 1525 nobiles
955 1462 1153 1525 adfuerunt.
1168 1461 1320 1539 Quidam
1335 1463 1407 1542 qui,
1420 1463 1565 1542 saepius

332 1567 411 1630 aliis
425 1569 668 1631 sacerdotibus
684 1569 852 1645 confessi,
875 1587 946 1631 non
962 1570 1103 1632 omnino
1119 1567 1373 1632 conscientiam
1395 1585 1484 1648 prae
1506 1587 1565 1649 pu·

332 1675 418 1737 dore
429 1685 659 1754 peccatorum
676 1674 833 1738 faecibus
848 1685 1105 1756 expurgarent,
1121 1695 1142 1738 a
1157 1677 1287 1739 nostris
1303 1675 1478 1738 exhausta
1492 1695 1566 1739 sen·

334 1782 409 1845 tina
431 1791 664 1846 recesserunt.
686 1783 800 1846 Fuere
820 1783 1019 1864 complures
1038 1784 1097 1863 qui
1122 1803 1142 1846 a
1165 1783 1321 1860 duobuS,
1349 1783 1507 1862 quinque
1534 1795 1566 1845 et

334 1898 415 1951 octo
432 1889 550 1964 annis,
566 1890 789 1968 gravissimis
804 1899 1031 1968 peccatorum
1055 1889 1269 1970 ponderibus
1288 1905 1326 1950 se
1346 1906 1418 1951 non
1439 1907 1568 1952 exone-

332 2005 466 2058 rarant.
480 1995 630 2076 Aliquae
644 1998 821 2074 mulieres,
836 2014 1017 2076 quaecum
1034 1997 1107 2058 suis
1122 1995 1259 2058 maritis
1272 1994 1464 2058 divortium
1477 1996 1568 2058 fece-

332 2113 424 2182 rant,
441 2103 609 2166 beueficio
626 2103 856 2167 confessionis
871 2105 906 2167 in
920 2104 1074 2182 gratiam
1090 2103 1281 2166 redierunt.

394 2209 559 2272 Nonnulli
584 2228 628 2272 ex
656 2210 887 2273 nobilioribus
912 2221 1113 2274 nostrorum
1142 2209 1287 2273 Patrum
1312 2209 1572 2273 consuetudine

335 2335 407 2379 non
435 2317 659 2380 mediocriter
685 2318 893 2394 afficiuntur,
921 2335 1051 2397 eosque
1077 2319 1249 2395 singulari
1274 2318 1428 2397 quodam
1451 2317 1569 2381 studio

335 2432 607 2503 prosequuntur,
623 2424 748 2503 quibus
763 2433 933 2504 quantum
947 2425 1104 2488 tribuant
1118 2423 1344 2488 authoritatis
1358 2424 1416 2486 vel
1436 2442 1482 2487 ex
1502 2425 1571 2488 hoc

337 2547 406 2592 uno
422 2529 525 2592 facile
544 2530 624 2592 licet
648 2531 865 2611 perspicere,
887 2532 982 2612 quod
1002 2532 1044 2594 de
1064 2532 1171 2594 rebus
1191 2531 1265 2594 suis
1284 2530 1513 2608 gravioribus
1534 2543 1566 2594 et

338 2633 482 2715 majoris
497 2637 663 2701 momenti
678 2640 814 2701 soleant
829 2639 942 2718 ipsos,
959 2639 1147 2719 praecipue
1164 2637 1268 2700 Rem
1282 2637 1424 2700 Patrem
1447 2637 1567 2701 Domi·

338 2759 422 2806 num
436 2741 598 2818 Paulum,
615 2748 817 2824 consulere,
834 2745 991 2808 consiliis
1006 2761 1148 2824 parere,
1165 2753 1199 2807 et
1214 2753 1395 2823 tamquam
1411 2744 1569 2806 oraculis

338 2851 576 2930 acquiescere.
592 2849 773 2914 Hactenus
788 2851 831 2914 de
847 2851 1137 2914 confessionibus

398 2956 499 3020 Nunc
514 2959 558 3020 de
572 2955 760 3021 Societatis
773 2959 1031 3040 propagatione
1045 2959 1180 3039 pauciS,
1197 2956 1272 3020 Rue
1298 2957 1333 3020 in
1353 2956 1497 3022 Christo
1516 2957 1570 3036 P,

338 3065 470 3145 accipe.
498 3065 679 3145 Tyronum
703 3075 905 3129 nostrorum
929 3082 1110 3141 numerus,
1138 3065 1261 3144 paucis
1282 3063 1411 3126 abhinc
1432 3063 1565 3140 diebus

338 3172 416 3236 aliis
437 3172 474 3234 in
493 3171 707 3236 Societatem
731 3173 843 3236 tribus
868 3173 1043 3252 cooptatis
1068 3169 1301 3251 amplificatus
1326 3180 1397 3247 est,
1418 3187 1568 3251 quorum

338 3295 430 3342 unus
444 3280 564 3358 nobili,
580 3297 649 3342 non
666 3280 783 3343 minus
798 3280 967 3358 religione
981 3295 1088 3359 quam
1103 3279 1286 3358 sanguine,
1303 3285 1408 3340 natus
1420 3277 1571 3356 familia,

338 3395 525 3466 parentum
539 3387 662 3451 virtuti
677 3403 884 3467 morumque
906 3386 1072 3467 probitati
1092 3387 1231 3448 videtur
1254 3385 1406 3464 ingenue
1425 3401 1570 3464 respon-

339 3495 433 3558 dere.
460 3495 627 3576 Reliquos
647 3495 735 3558 duos
755 3495 929 3574 quaedam
948 3493 1147 3574 synceritas
1166 3503 1200 3554 et
1220 3491 1429 3554 admiranda
1451 3493 1570 3572 (quam

339 3619 426 3682 prae
446 3620 484 3665 se
503 3603 647 3680 ferunt),
675 3602 826 3682 puritaS,
854 3601 969 3680 magis
993 3617 1097 3682 quam
1125 3599 1288 3678 sanguiS,
1318 3599 1523 3668 illustravit:
1551 3615 1575 3658 e

340 3709 467 3788 quibus
481 3711 571 3772 alter
585 3710 621 3771 in
636 3709 803 3788 hospitali
818 3707 944 3787 majori
959 3707 1095 3770 duobus
1111 3707 1291 3769 mensibus
1305 3721 1385 3767 cum
1399 3712 1501 3767 tanta
1523 3705 1570 3766 in-

341 3816 489 3880 servivit
509 3816 738 3893 obedientiae,
760 3815 945 3878 charitatis
966 3822 1000 3877 et
1021 3813 1231 3876 humilitatis
1251 3811 1509 3889 testificatione,
1533 3819 1575 3873 ut

341 3940 464 3986 omnes
479 3923 515 3986 in
530 3923 584 3985 sui
599 3922 869 3985 admirationem
890 3921 1082 3997 induxerit;
1104 3921 1193 3983 alter
1214 3918 1445 3999 quotidianiS,
1469 3935 1568 3998 quaS,

343 4031 427 4093 dum
446 4031 498 4093 rei
517 4047 641 4093 sacrae
660 4031 717 4092 vel
739 4029 969 4092 concionibus
987 4029 1189 4106 interesset,
1213 4022 1429 4102 effundebat,
1457 4025 1571 4103 lacry-

347 4137 430 4214 miS,
456 4153 543 4200 suae
568 4136 766 4199 devotionis
785 4146 819 4198 et
841 4135 982 4215 pietatis
1002 4135 1119 4197 multis
1145 4131 1239 4195 dedit
1264 4131 1443 4194 mensibus
1469 4148 1575 4210 argu·

342 4253 509 4323 mentum;
522 4243 647 4323 quibus
660 4243 695 4306 in
705 4241 894 4304 virtutibus
909 4257 1031 4304 omnes
1045 4256 1254 4302 excrescere
1270 4237 1385 4316 magis
1400 4254 1444 4300 ac
1455 4239 1572 4315 magis

343 4350 380 4413 in
395 4349 470 4412 dies
485 4350 675 4412 enituntur.
692 4348 827 4426 Plures,
844 4365 915 4410 non
937 4348 1049 4410 solum
1065 4345 1223 4425 juniores
1243 4344 1304 4408 sed
1329 4353 1446 4407 aetate
1469 4344 1573 4406 simul

344 4467 377 4519 et
392 4455 589 4519 eruditione
604 4455 861 4534 provectiores
880 4453 1033 4516 assiduis
1050 4453 1183 4514 instant
1202 4451 1365 4532 precibus
1387 4459 1426 4512 ut
1449 4449 1574 4513 admit·

345 4571 475 4640 tantur,
493 4563 585 4625 inter
604 4578 692 4641 quos
712 4560 854 4642 quidam
874 4559 1105 4640 paedagogus
1125 4559 1256 4638 gallus,
1278 4555 1364 4620 satis
1391 4557 1427 4620 in
1446 4556 1576 4619 litteris

344 4669 611 4735 htunanioribus
625 4669 856 4745 exercitatus,
873 4667 933 4747 qui
947 4667 1122 4744 Lutetiae,
1139 4674 1261 4728 nostro
1277 4665 1384 4727 etiam
1398 4670 1572 4743 tempore,
