3378 5530
428 517 482 575 388
809 515 980 574 Limenia
999 529 1269 582 ounomuasrmrs

420 681 461 726 eo
484 663 710 726 vehementer
730 661 992 740 commendata,
1015 677 1037 724 a
1056 661 1325 741 quamplurimis
1345 663 1484 725 servari
1509 679 1555 725 ac
1577 663 1641 724 lieri

421 779 544 850 postea
557 769 660 832 nobis
675 769 817 848 quidam
832 769 922 831 civis
937 768 1067 832 retulit.

480 877 720 940 Concionatus
735 885 787 937 est
801 875 894 938 idem
905 874 1012 938 Pater
1022 892 1086 955 pei·
1100 874 1193 937 hanc
1204 875 1518 954 quadragesimam
1530 877 1643 939 diebus

420 984 605 1046 dominicis
630 983 666 1046 in
691 982 845 1062 quodam
870 982 1087 1045 monasterio
1110 981 1224 1044 nostri
1249 980 1408 1060 Collegii,
1436 983 1496 1062 qui
1523 983 1641 1046 dicitu·

420 1090 541 1154 Sancti
555 1089 719 1171 Joannis;
737 1089 788 1151 sic
804 1097 920 1152 autem
941 1089 1103 1152 omnibus
1121 1097 1247 1168 gratus
1269 1096 1361 1166 erat,
1385 1097 1423 1152 ut
1442 1107 1516 1152 non
1539 1093 1641 1152 solum

418 1213 614 1278 permagna
634 1195 709 1276 ejus
729 1198 901 1259 ecclesiae
921 1197 1107 1260 multitudo
1123 1196 1169 1259 ad
1183 1195 1396 1259 audiendum
1418 1213 1500 1260 eum
1524 1215 1641 1260 conve-

419 1305 526 1383 nerit,
545 1304 606 1366 sed
629 1322 675 1366 ex
695 1303 762 1367 hoc
785 1304 891 1366 etiam
913 1304 1042 1383 oppido
1064 1303 1171 1383 aliqui
1193 1319 1238 1365 ex
1259 1303 1487 1382 optimatibus
1507 1305 1544 1367 in
1567 1305 1640 1366 illud

419 1411 671 1475 monasterium
691 1427 728 1472 se
749 1411 949 1474 conferrent
973 1410 1019 1472 ad
1040 1427 1120 1474 eum
1142 1409 1365 1473 audiendum.
1386 1409 1505 1473 Distat
1530 1423 1639 1474 autem

419 1517 568 1581 Monson
587 1517 650 1592 (sic
664 1518 758 1580 enim
772 1517 901 1580 dicitur
916 1516 1095 1596 oppidum)
1112 1516 1254 1579 circiter
1269 1516 1338 1580 duo
1353 1517 1520 1580 milliaria
1536 1536 1557 1580 a
1578 1537 1640 1580 nm-

419 1624 588 1688 nasterio.

478 1729 531 1794 De
547 1731 625 1793 aliis
640 1729 819 1809 fratribus,
835 1731 896 1811 qui
911 1730 957 1793 ad
972 1731 1093 1793 varias
1107 1731 1278 1792 ecclesias
1296 1730 1500 1807 missisunt,
1519 1732 1638 1793 similia

372 1877 376 1884 -
417 1847 477 1902 aut
488 1836 562 1900 fere
574 1838 697 1901 eadem
709 1836 897 1900 scribenda
908 1848 1020 1914 erant,
1034 1854 1124 1917 quae
1137 1837 1180 1900 de
1191 1835 1440 1916 superioribus;
1455 1855 1551 1916 narn,
1567 1856 1637 1899 cum

417 1945 510 2007 idem
529 1943 703 2006 Dominus
724 1944 842 2005 omnia
862 1944 952 2006 haec
973 1951 1108 2023 ageret,
1135 1943 1293 2005 varietas
1317 1943 1638 2018 instrumentorum,

417 2068 506 2130 quae
522 2050 739 2113 similitudini
754 2051 917 2130 proxima
933 2057 1021 2127 erat,
1038 2066 1164 2129 parum
1179 2058 1240 2112 aut
1255 2049 1342 2112 nihil
1357 2067 1446 2129 opus
1470 2052 1638 2121 variabat,

416 2157 626 2238 praesertim
640 2174 736 2234 eum,
754 2167 792 2219 ut
807 2157 891 2234 dixi,
909 2173 1031 2220 omnes
1046 2156 1175 2219 fratres
1193 2155 1228 2218 in
1243 2155 1279 2218 id
1293 2156 1515 2236 potissimum
1537 2158 1639 2220 inten-

416 2264 532 2327 derint
545 2271 582 2327 ut
598 2280 754 2325 amorem
769 2272 928 2326 mutuum
942 2262 1160 2339 inducerent,
1177 2263 1236 2343 qui
1258 2263 1294 2325 in
1316 2262 1384 2325 hac
1404 2264 1551 2342 regione
1573 2264 1639 2326 iere

416 2371 593 2434 extinctus
607 2369 805 2432 videbatur.
823 2369 934 2432 Multa
951 2367 1031 2431 odia
1047 2377 1081 2432 et
1103 2369 1307 2432 inimicitias
1330 2369 1549 2449 dissiparunt
1566 2388 1637 2448 gm-

416 2495 490 2556 ve5‚
505 2478 596 2540 inter
609 2491 698 2556 quas
709 2475 881 2539 Dominus
892 2475 1051 2555 ignatius
1064 2475 1073 2506 ¹
1086 2475 1202 2538 effecit
1217 2485 1255 2538 ut
1270 2487 1436 2555 parentes
1450 2495 1573 2540 necem
1588 2497 1637 2539 cu·

413 2583 553 2662 J‘usdam
567 2583 638 2661 filii,
658 2601 763 2663 quam
777 2592 955 2646 recentem
966 2583 1142 2659 dicebant,
1158 2582 1375 2645 interfectori
1390 2585 1637 2655 condonarem,

416 2690 508 2771 quod
524 2691 631 2753 etiam
646 2690 808 2768 cognatis
827 2689 1012 2770 persuasit.
1037 2687 1139 2751 Multi
1160 2707 1205 2751 ex
1223 2689 1294 2767 his,
1317 2689 1432 2769 quiin
1453 2691 1636 2754 amicitiam
1676 2705 1677 2754 l

415 2797 677 2876 redigebantur,
694 2814 775 2860 cum
789 2797 833 2860 de
849 2796 947 2876 agris
963 2804 1023 2859 aut
1037 2795 1195 2876 pecuniis
1211 2798 1388 2860 contentio
1404 2808 1497 2878 erat,
1516 2817 1559 2861 ex
1574 2817 1636 2877 qua
1675 2815 1676 2864 l

415 2904 534 2967 odium
549 2902 663 2966 fuerat
679 2904 855 2982 obortum,
871 2902 1042 2965 fratribus
1057 2920 1095 2965 se
1114 2919 1248 2982 suaque
1268 2904 1549 2983 committebant,
1571 2907 1636 2966 ani·
1674 2917 1675 2974 l

414 3028 493 3075 mae
508 3011 614 3073 saluti
628 3011 764 3074 intenti.
1673 3027 1674 3084 l

473 3118 528 3180 Ex
542 3117 601 3179 illo
615 3135 685 3179 uno
700 3117 892 3180 maximam
907 3117 1097 3197 quamdam
1112 3118 1328 3197 voluptatem
1345 3117 1380 3180 in
1396 3116 1550 3181 Domino
1564 3135 1635 3197 per·
1672 3149 1673 3192 ,

414 3225 574 3306 cipimus,
590 3225 696 3304 quod,
712 3240 935 3303 quocumque
951 3224 1130 3302 abeamuS,
1145 3224 1181 3287 in
1192 3224 1369 3298 montibus
1382 3233 1415 3286 et
1432 3224 1527 3304 agris
1542 3243 1635 3304 prae-
1671 3253 1672 3301 r

413 3342 515 3412 cepta
530 3330 673 3394 Domini
687 3340 722 3393 et
738 3331 864 3393 similia
881 3349 902 3392 a
917 3331 1035 3410 pueris
1051 3331 1131 3392 cani
1147 3329 1324 3410 audimus,
1342 3331 1401 3411 qui
1421 3339 1525 3394 antea
1546 3333 1633 3392 velut
1670 3363 1671 3412 p

412 3459 433 3501 a
458 3439 642 3502 cunabulis
663 3436 862 3518 juramenta
890 3447 924 3498 et
949 3436 1066 3517 turpia
1091 3437 1202 3499 verba
1228 3437 1396 3500 imbibere
1417 3438 1632 3500 videbantur.
1669 3459 1670 3520 l

411 3545 489 3609 Non
503 3545 608 3625 pauci
624 3544 669 3607 ad
683 3560 749 3606 nos
762 3552 800 3606 ut
812 3542 1045 3606 confiteantur
1060 3542 1243 3620 accedunt,
1260 3544 1394 3606 relictis
1409 3544 1633 3606 ecclesiarum
1668 3555 1669 3630 l

411 3669 556 3715 suarum
570 3650 780 3728 rectoribuS,
799 3657 836 3712 ut
851 3649 934 3728 quid
949 3649 1071 3712 sanius
1087 3649 1130 3712 de
1145 3649 1219 3712 vita
1234 3667 1299 3711 sua
1321 3658 1491 3713 statuant.
1514 3649 1632 3728 Quem·

411 3759 493 3821 dum
508 3775 552 3820 ex
566 3758 610 3819 iis
624 3756 874 3837 parochiarum
889 3755 1085 3818 rectoribus
1100 3753 1362 3818 Conimbricam
1382 3757 1553 3832 misimus,
1577 3757 1632 3816 ubi

410 3863 580 3927 exercitia
608 3862 806 3943 spiritualia
832 3859 933 3936 fecit,
964 3861 1084 3941 sicque
1110 3861 1221 3924 vitam
1246 3861 1415 3940 instituit,
1443 3873 1480 3925 ut
1508 3879 1632 3938 magno

409 3971 570 4050 exemplo
585 3970 664 4033 aliis
679 3968 734 4030 sit.

468 4076 578 4139 Multa
598 4077 668 4138 alia
687 4074 795 4137 scribi
819 4081 981 4154 possent,
1008 4072 1217 4153 praesertim
1242 4073 1272 4135 si
1298 4073 1439 4152 singula
1465 4091 1628 4156 quaeque,

409 4202 498 4264 quae
513 4183 549 4246 in
560 4180 812 4261 componendis
835 4179 1000 4242 amicitiis
1020 4178 1240 4258 accidebant,
1258 4196 1468 4258 persequar;
1485 4181 1544 4242 sed
1557 4181 1628 4239 lon-

407 4306 493 4368 gum
507 4290 542 4352 id
557 4297 660 4351 esset.
678 4287 830 4350 Tantum
844 4285 914 4348 hoc
929 4285 1082 4349 referam
1096 4285 1139 4348 de
1154 4283 1363 4364 quibusdam
1378 4285 1552 4362 iratribus
1569 4284 1628 4346 le-

449 4527 456 4558 ¹
484 4525 512 4570 P.
523 4526 640 4579 ignatius
651 4527 681 4568 de
692 4525 820 4576 Arebedo,
832 4523 862 4566 de
873 4535 922 4578 quo
933 4525 970 4567 ita
986 4524 1084 4575 Tellea,
1101 4523 1228 4567 Chronica
1244 4525 1278 4566 da
1291 4525 1454 4579 campanilia
1466 4527 1498 4570 de
1512 4527 1573 4581 Jesu
1586 4537 1626 4566 eur

410 4595 545 4650 Portugal,
556 4599 571 4641 l.
583 4609 606 4648 u,
619 4609 641 4648 c,
654 4599 690 4640 lti:
703 4598 761 4639 “llic
773 4598 814 4649 loy
826 4596 977 4644 necessario.
986 4596 1179 4640 ordenandolho
1189 4608 1205 4640 a
1216 4596 1373 4650 obediencia,
1382 4599 1472 4652 largar
1482 4612 1495 4641 o
1506 4609 1592 4649 campo
1604 4607 1626 4638 et

405 4671 520 4713 acceitat
536 4682 550 4712 o
565 4671 668 4723 quartcl
685 4681 732 4723 que
750 4681 778 4711 os
795 4667 945 4721 Superiores
956 4669 997 4710 lhe
1016 4668 1165 4721 obrigaram
1185 4679 1200 4710 a
1218 4674 1314 4721 tomas,
1334 4671 1494 4713 mandandoo
1509 4671 1600 4711 retirnr
1613 4681 1627 4708 ,ι

407 4739 467 4784 Sam
480 4739 562 4792 Flos„
1564 4793 1578 4828 .
