3400 5532
355 495 409 553 372
749 493 918 553 erranaa
937 511 1207 562 ouaosrnasraas

354 641 491 704 Latinis
506 641 735 716 concionibus
749 641 785 703 in
801 639 1045 704 Germanicas.
1068 641 1270 704 Institutum
1290 641 1359 704 hoc
1377 641 1427 704 ita
1447 659 1586 721 promo·

356 749 407 811 vit
422 747 543 811 divina
558 749 700 810 bonitas
714 757 767 824 ut,
785 749 923 811 etiamsi
938 747 1143 810 difficillima
1160 750 1205 810 sit
1221 748 1362 826 linguae
1382 747 1488 811 huius
1507 766 1586 828 pro·

353 857 539 934 nuntiatio,
552 865 670 919 tamen
685 855 862 934 intelligar
873 872 966 918 nunc
982 855 1026 918 ab
1042 854 1214 932 omnibus
1233 856 1290 934 qui
1307 855 1353 918 ad
1368 854 1585 918 audiendum

354 973 448 1027 certe
463 963 606 1044 plurimi
619 963 810 1026 confluunt.
827 961 919 1025 Nam
933 971 967 1025 et
982 979 1153 1042 persaepe
1168 963 1359 1040 contingit,
1375 962 1533 1042 primum
1551 963 1585 1024 in

353 1072 574 1150 angustiore,
590 1087 684 1133 nunc
699 1071 735 1132 in
750 1071 920 1149 ampliore
936 1071 1083 1149 templo,
1100 1079 1138 1132 ut
1152 1070 1283 1132 referta
1299 1070 1369 1132 illic
1385 1070 1588 1149 praesentis

351 1178 471 1259 populi
487 1177 588 1240 turba
604 1176 768 1240 excludat
784 1178 884 1255 alios
896 1177 955 1256 qui
967 1194 1032 1256 pro
1044 1176 1179 1240 toribus
1195 1187 1229 1240 et
1245 1176 1290 1238 ad
1305 1177 1483 1239 fenestras
1495 1177 1586 1240 soris

352 1287 563 1348 auscultant.
583 1285 718 1348 Exorta
737 1285 878 1347 interim
898 1284 1071 1347 nubecula
1096 1285 1216 1346 nescio
1243 1284 1325 1364 quid
1347 1285 1433 1347 milri
1453 1285 1583 1348 minari

350 1391 549 1470 videbatur,
572 1392 696 1454 duma
721 1392 973 1454 concionatore
997 1390 1152 1470 quodam
1173 1409 1243 1454 non
1263 1391 1413 1454 candide
1432 1401 1582 1468 tractor,

350 1500 446 1562 velut
461 1499 521 1578 qui
534 1507 675 1578 praeter
689 1515 824 1561 morem
839 1507 873 1560 et
892 1497 929 1560 in
947 1499 1026 1560 loco
1046 1498 1189 1560 insolito
1210 1498 1389 1578 prodirem
1409 1498 1455 1560 ad
1476 1515 1583 1560 evan·

349 1605 582 1685 gelizandum.
605 1605 672 1667 Hic
691 1605 811 1668 statim
831 1605 971 1668 collecti
989 1605 1210 1685 professores
1233 1605 1343 1667 totius
1362 1604 1583 1668 Academiae

349 1714 636 1776 concionatorem
651 1713 747 1775 illum
762 1720 926 1791 arguunt,
943 1729 999 1774 me
1024 1712 1181 1774 studiose
1199 1711 1405 1790 defendunt,
1428 1713 1486 1774 vel
1509 1731 1582 1775 non

348 1821 465 1900 rogati
488 1819 496 1850 ¹
521 1837 672 1900 poenam
694 1827 895 1900 proponunt
919 1820 1108 1881 multorum
1135 1836 1343 1897 aureorum,
1361 1818 1391 1881 si
1405 1820 1584 1882 adversus

346 1937 496 1991 conatus
515 1944 612 1990 meos
633 1927 690 1989 ille
716 1925 857 1989 mutiret
877 1926 1068 2005 quicquam
1087 1926 1123 1989 in
1145 1934 1337 2005 posterum.
1360 1925 1525 1989 Accessit
1545 1937 1582 1988 et

347 2035 512 2115 Episcopi
527 2035 716 2112 sententia,
733 2034 808 2113 qui,
830 2051 868 2095 re
888 2041 1086 2113 comperta,
1109 2033 1181 2095 suis
1197 2050 1252 2094 me
1269 2032 1394 2095 litteris
1413 2032 1581 2096 admonet

346 2161 390 2205 ne
405 2142 670 2222 supersederem
686 2141 730 2203 ab
745 2141 812 2203 hoc
827 2141 1000 2217 instituto,
1022 2140 1175 2202 laturum
1195 2158 1247 2212 se,
1269 2140 1299 2200 si
1320 2139 1461 2219 quidem
1486 2156 1580 2219 opus

346 2257 449 2326 esset,
467 2264 588 2310 omnes
603 2248 687 2310 mihi
704 2248 895 2328 suppetias.
913 2246 950 2310 ln
966 2247 1094 2326 populo
1117 2264 1188 2309 non
1209 2246 1351 2308 deluere
1371 2247 1430 2326 qui
1445 2247 1580 2309 vellent

345 2355 451 2417 aedes
466 2355 611 2416 alterius
625 2371 843 2435 oppugnare,
861 2362 897 2416 et
912 2353 984 2415 vim
998 2353 1130 2416 inferre
1146 2370 1210 2415 ceu
1225 2353 1484 2416 calumniatori.

403 2461 476 2524 Nos
492 2472 529 2522 ut
546 2461 806 2540 tranquilliores
821 2460 1049 2523 redderemus
1064 2461 1187 2522 turbas
1202 2458 1213 2489 ³
1229 2478 1332 2539 quae,
1351 2460 1453 2522 nobis
1468 2461 1578 2524 etiam

342 2568 480 2638 invitis,
498 2569 532 2631 in
548 2567 645 2630 illurn
660 2567 941 2645 concitabantur,
959 2584 1132 2630 excusare
1148 2567 1280 2628 iactum
1301 2566 1517 2644 studuimus,
1542 2578 1577 2629 et

343 2676 453 2738 iratos
469 2677 610 2754 placare
626 2675 764 2737 animos
780 2675 840 2736 vix
855 2675 1042 2754 potuimus.
1061 2674 1220 2753 Agnovit
1239 2674 1306 2736 hoc
1329 2673 1483 2737 officium
1502 2675 1574 2748 ille,

345 2781 404 2862 qui
418 2781 641 2860 tragoediam
656 2781 760 2860 banc,
777 2781 859 2844 dum
879 2780 965 2842 mibi
984 2783 1110 2860 parum
1125 2780 1238 2858 iavet,
1260 2781 1334 2860 ipse
1350 2781 1416 2843 sibi
1438 2789 1572 2844 temere

344 2889 552 2967 concitavit,
565 2887 707 2967 jamque
721 2906 787 2950 nos
802 2888 867 2950 sibi
883 2905 989 2968 quam
1003 2896 1108 2950 antea
1131 2888 1245 2967 pergit
1269 2888 1399 2951 habere
1421 2887 1572 2951 familia-

341 2997 463 3060 riores.
477 2995 588 3075 lgitur
604 2993 702 3057 festis
717 2995 839 3058 diebus
854 3013 947 3058 nunc
962 3012 1073 3076 pergo
1085 2997 1344 3074 evangelizare,
1358 2995 1420 3058 sed
1434 2996 1571 3059 utinam

340 3113 439 3166 tanto
459 3121 539 3166 cum
561 3101 677 3165 fructu
702 3103 899 3164 animarum
918 3111 1050 3180 quanto
1071 3119 1151 3164 cum
1172 3103 1345 3181 applausu
1367 3111 1401 3164 et
1423 3119 1571 3165 numero

341 3209 568 3272 audientium.
598 3207 763 3270 Libenter
798 3208 985 3288 optimates
1020 3207 1209 3285 accedunt,
1240 3210 1387 3286 populus
1415 3207 1570 3272 fructum

340 3317 538 3395 praedicat,
566 3314 745 3395 parochus
769 3315 806 3376 in
832 3315 906 3376 dies
930 3313 1101 3393 majorem
1129 3315 1329 3394 pollicetur,
1358 3331 1425 3393 ego
1446 3317 1571 3378 videre

340 3439 445 3503 quam
460 3423 581 3486 audire
597 3431 631 3484 et
646 3431 835 3514 expectare
850 3421 985 3501 malim,
1005 3431 1044 3483 ut
1064 3421 1169 3483 rudes
1191 3430 1224 3483 et
1247 3423 1397 3483 miserae
1419 3422 1569 3486 istorum

339 3529 578 3593 conscientiae
599 3529 819 3611 juvarentur.
847 3528 885 3591 Id
904 3529 1087 3592 nobiscum
1113 3529 1272 3591 lubenter
1294 3529 1415 3592 vident
1438 3531 1514 3608 alii,
1534 3541 1569 3592 et

339 3635 584 3699 admirandum
600 3645 744 3698 censent
759 3636 868 3716 quod,
892 3644 1035 3715 praeter
1047 3653 1194 3711 morem,
1215 3653 1285 3698 non
1300 3638 1414 3699 solum
1434 3646 1568 3700 attente

339 3762 382 3806 ac
400 3744 538 3823 integre
557 3745 763 3806 concionem
783 3743 927 3806 audiant
953 3743 1026 3818 isti,
1054 3743 1116 3806 sed
1138 3744 1244 3805 etiam
1265 3744 1310 3805 ad
1330 3742 1434 3805 finem
1455 3761 1571 3825 usque

340 3849 468 3912 Missae
483 3851 518 3912 in
534 3852 663 3930 templo
678 3867 816 3913 mecum
831 3859 1070 3931 perseverent.
1089 3849 1179 3912 Nam
1203 3849 1237 3912 id
1260 3850 1405 3912 nimium
1426 3849 1486 3912 hic
1509 3852 1567 3912 ali-

338 3959 440 4039 bique
456 3967 636 4037 receptum
650 3958 788 4035 videaS,
811 3966 849 4020 ut
868 3957 982 4020 omnis
1005 3973 1127 4019 morae
1147 3956 1373 4036 impatientes
1395 3958 1564 4038 plerique,

338 4073 399 4127 aut
417 4077 499 4145 post
517 4064 751 4143 Evangelium
777 4072 975 4143 cantatum,
996 4073 1059 4127 aut
1085 4065 1122 4144 iq
1140 4064 1257 4126 medio
1283 4064 1483 4140 concioniS,
1507 4077 1566 4127 aut

337 4172 458 4235 statim
473 4172 517 4233 ab
532 4173 670 4234 elevata
685 4173 721 4234 in
736 4173 845 4234 altum
856 4171 1080 4234 Eucharistia
1095 4188 1210 4247 sacra,
1227 4189 1246 4232 e
1261 4170 1408 4250 Templo
1419 4171 1567 4250 perinde

337 4286 442 4357 atque
457 4295 564 4341 canes
579 4277 731 4356 fugiant,
748 4294 874 4357 parum
889 4295 1065 4341 memores
1080 4278 1215 4340 scilicet
1230 4277 1272 4340 de
1289 4276 1464 4340 audienda
1480 4278 1564 4341 inte-

337 4400 401 4461 gre
416 4383 535 4446 Missa.

376 4659 384 4691 ί
414 4659 502 4702 Verba
513 4660 556 4702 vel
567 4672 617 4703 non
630 4663 716 4714 rogati
726 4664 900 4716 praetermisit
912 4663 1048 4706 Polancus.

375 4733 386 4761 ²
413 4729 531 4775 Caninius
541 4733 681 4786 scripserat
693 4733 746 4776 Nos
756 4735 785 4777 ob
797 4734 1016 4787 tranquillandas
1031 4735 1134 4776 turbas.
