3400 5532
321 487 323 492 ’
384 493 439 554 338
770 491 943 550 Ltrrsaas
961 505 1233 558 ounourussrans

385 651 423 705 ut
447 641 589 704 tandem
613 637 800 702 discordiis
823 635 948 701 modus
973 634 1100 714 aliquis
1118 634 1368 713 imponeretur,
1392 632 1555 696 omnibus
1575 634 1609 695 in

385 749 534 812 duorum
556 745 737 810 hominum
755 744 948 824 proborum
966 741 1128 820 arbitrio,
1150 750 1187 804 ut
1206 757 1274 819 ego
1292 739 1508 819 institeram,
1532 757 1608 802 con-

384 855 525 918 stitutis.

425 1087 505 1132 Sexta
515 1086 583 1139 Juuli
594 1085 684 1130 scribit
699 1093 777 1138 supra
791 1088 894 1128 centum
908 1083 965 1126 locu
980 1081 1104 1126 dioecesis
1118 1079 1268 1126 Mutinensis
1284 1079 1460 1124 ordinationes
1469 1079 1529 1122 lllns
1538 1089 1608 1122 acce·

384 1161 460 1216 pisse,
469 1160 499 1203 de
510 1159 600 1213 qulbus
609 1168 696 1212 supra,
703 1162 729 1200 et
740 1155 806 1212 quod
817 1167 850 1199 ex
860 1156 981 1199 universa
992 1154 1102 1198 dioecesi
1112 1159 1186 1198 tanto
1199 1151 1283 1196 studio
1296 1156 1322 1194 et
1333 1152 1436 1196 terrore
1449 1150 1608 1195 concurritur

386 1233 418 1275 ad
425 1230 651 1286 praedicationem,
662 1234 691 1273 ut
701 1229 748 1272 vix
758 1225 901 1282 respirandi
913 1231 1013 1280 tempus
1023 1231 1172 1282 suppeteret
1184 1225 1202 1271 ¹.

434 2076 471 2133 P.
485 2075 605 2133 Petrus
619 2073 723 2132 Parra

469 2171 560 2232 Patri
573 2171 701 2244 ignatio
715 2168 756 2228 de
769 2168 908 2244 Loyola.

505 2267 670 2340 Valentia,
685 2266 804 2341 8Junii
819 2266 885 2324 1551
900 2265 921 2325 ¹.

957 2501 1031 2618 nis

567 2777 608 2821 Ex
623 2777 718 2822 litteris
729 2777 815 2822 Patris
827 2777 925 2822 Fame
936 2787 968 2821 ex
980 2775 1089 2832 collegio
1099 2776 1238 2821 valentine
1246 2775 1260 2820 8
1269 2775 1337 2830 Junil
1350 2777 1410 2822 1551.

439 2983 565 3047 Gratia
580 2992 614 3046 et
628 3001 718 3064 pax,
734 2993 799 3046 etc.

436 3091 502 3154 His
526 3091 652 3153 litteris
676 3107 720 3152 ea
744 3098 882 3153 tantum
906 3089 1009 3153 brevi
1034 3090 1260 3169 complectar,
1287 3106 1377 3170 quae
1399 3088 1466 3153 Dei
1490 3091 1607 3170 gratia

377 3206 524 3277 operata
538 3206 592 3260 est
613 3197 736 3260 ultima
750 3195 835 3278 Maji
848 3196 1086 3276 hebdomada,
1110 3213 1201 3277 quae
1218 3196 1333 3276 prima
1354 3195 1420 3258 luit
1435 3205 1515 3277 post
1527 3214 1608 3277 pro·

377 3305 573 3384 mulgatum
585 3302 788 3384 jubilaeum.

436 3411 485 3474 At
500 3411 650 3491 primum
666 3409 808 3490 quidem
822 3408 860 3472 P.
878 3409 924 3472 V.
947 3409 1038 3473 sciat
1053 3408 1197 3472 Patrem
1211 3409 1423 3488 Magistrum
1436 3410 1610 3474 Mironem

376 3527 449 3580 tres
464 3535 509 3580 ex
522 3517 653 3580 nostris
669 3516 913 3580 sacerdotibus
932 3517 968 3579 in
992 3532 1174 3578 carcerem
1193 3514 1452 3580 Gubernatoris
1470 3516 1610 3580 misisse

378 3622 423 3685 ad
441 3622 642 3685 vinctorum
662 3621 902 3686 confessiones
922 3620 1133 3699 audiendas;
1154 3621 1252 3702 prius
1273 3630 1392 3688 tamen
1411 3624 1487 3702 ipse
1508 3641 1549 3686 eo
1572 3641 1611 3685 se

378 3729 575 3792 contulerat
589 3737 624 3792 et
635 3728 740 3792 simul
750 3745 832 3792 cum
844 3727 1089 3792 Gubernatore
1101 3737 1136 3790 et
1146 3727 1340 3792 Assessore
1351 3738 1388 3791 et
1398 3729 1612 3809 quibusdam

377 3834 511 3915 Juratis
522 3842 628 3914 atque
643 3835 714 3898 alia
728 3833 911 3898 hominum
932 3833 1171 3913 multitudine,
1195 3835 1255 3914 qui
1276 3833 1367 3898 forte
1381 3835 1547 3916 aderant,
1565 3836 1612 3898 ad

379 3941 518 4004 vinctos
530 3940 692 4021 (quorum
705 3942 863 4005 maxima
874 3950 951 4004 erat
965 3940 1080 4021 copia)
1091 3941 1274 4021 ingressus
1285 3950 1350 4017 est,
1366 3951 1401 4004 et
1416 3951 1515 4006 tanto
1529 3961 1613 4006 cum

378 4045 519 4111 fervore
534 4047 724 4112 durissima
739 4048 871 4128 alioqui
886 4047 1068 4112 hominum
1083 4047 1192 4111 corda
1206 4047 1243 4111 in
1261 4048 1419 4128 peccatis
1441 4051 1613 4128 gravissi-

379 4154 461 4231 miS,
482 4154 528 4217 ad
549 4156 729 4234 lacrymas
747 4163 782 4218 et
802 4154 1058 4234 poenitentiam
1077 4154 1257 4232 emollivit,
1279 4164 1318 4218 ut
1337 4155 1397 4236 qui
1410 4155 1454 4219 de
1466 4153 1615 4235 iubilaei

378 4261 496 4337 gratia
511 4277 583 4324 non
603 4260 851 4340 cogitaverant
872 4260 1029 4340 quidem,
1053 4259 1267 4324 unanimiter
1285 4261 1331 4325 ad
1351 4279 1432 4326 eum
1453 4262 1604 4326 obtineo

379 4365 464 4428 dum
484 4367 556 4428 alta
570 4383 659 4430 voce
682 4365 939 4430 confessionem
955 4367 1130 4447 petierint.
1153 4367 1217 4431 Est
1235 4367 1404 4432 autemid
1426 4367 1603 4434 adverten

422 4567 431 4600 ¹
460 4566 1061 4614 PostremnhuecverbssuutPstrlsl‘olunco.

420 4640 431 4670 ¹
458 4637 524 4682 Blnu
540 4638 633 4682 hurum
650 4639 797 4684 litterarum
807 4641 967 4694 exemplaria
982 4641 1100 4685 vidimus.
1118 4639 1203 4685 Unum
1219 4641 1306 4687 Putris
1315 4641 1441 4688 Bernnrdl
1453 4643 1572 4700 Oliverll,
1590 4649 1616 4692 iu

382 4711 442 4754 lolio
453 4710 493 4754 cul
503 4709 563 4754 ollm
573 4721 598 4754 n.
609 4709 657 4764 112,
668 4721 735 4755 nnnc
743 4711 778 4763 70:
790 4712 902 4756 alterum
912 4711 1017 4766 ignotae
1027 4723 1117 4758 munus
1125 4711 1152 4757 in
1161 4712 1223 4758 iollo
1232 4713 1260 4757 Β
1269 4711 1371 4760 Codlcln
1381 4715 1442 4762 1⁵51.
