3400 5524
373 495 432 555 ‘230
760 493 932 553 errnnna
950 509 1219 562 ounomuasruns
1330 541 1336 558 .

374 651 519 722 praeter
534 657 624 706 onus
638 639 891 704 audiendarum
903 639 1166 704 confessionum
1175 639 1398 704 dominorum
1408 640 1586 720 Pro-regis,
1683 675 1684 712 1

376 749 523 828 Garsia,
541 746 678 811 Alvaro
695 744 716 824 ¹,
736 755 771 810 et
791 747 940 810 aliorum
959 747 1115 828 capitum
1136 746 1330 826 exercituS,
1355 764 1444 827 quos
1463 749 1589 827 saepius
1683 782 1684 821 1

377 856 558 934 audiebat,
575 853 624 918 illi
642 855 758 917 omnis
783 870 869 918 cura
891 854 1115 918 incumbebat
1133 853 1371 934 Xenodocbii,
1393 855 1431 918 in
1449 872 1517 935 quo
1530 873 1588 918 ma·
1683 889 1684 928 3

375 979 450 1042 gna
476 978 614 1043 semper
633 960 798 1024 decubuit
822 961 1040 1025 infirmorum
1065 970 1229 1042 caterva,
1253 979 1401 1026 numero
1420 979 1514 1026 nunc
1533 962 1588 1036 100,
1683 1005 1684 1034 2

376 1086 471 1133 nunc
493 1068 565 1146 150,
586 1076 620 1131 et
640 1067 816 1132 interdum
835 1069 941 1132 etiam
962 1067 1033 1130 200.
1054 1067 1121 1131 Hic
1141 1068 1227 1132 nulli
1252 1078 1393 1149 poterat
1417 1069 1590 1150 quisquam

376 1175 618 1240 necessarium
642 1174 891 1239 sustentationi
918 1175 1078 1256 corporis
1102 1175 1351 1239 administrare
1375 1176 1445 1239 nisi
1468 1176 1591 1257 dispen·
1683 1209 1684 1218 ,

376 1292 478 1346 sante
496 1281 577 1346 D.¹¹⁰
591 1281 750 1362 Laynez,
767 1283 827 1362 qui
841 1281 983 1363 etipse,
999 1299 1099 1346 more
1120 1283 1200 1363 piae
1222 1283 1386 1362 nutricis,
1402 1284 1521 1348 cibum
1533 1285 1592 1347 illis
1683 1331 1684 1356 ,

375 1390 564 1469 frangebat
586 1399 692 1471 atque
712 1389 906 1469 ingerebat.
935 1389 1057 1469 Neque
1082 1389 1118 1453 id
1141 1392 1271 1468 solum,
1292 1407 1419 1454 verum
1437 1391 1591 1454 etiamen
1683 1429 1684 1465 3

375 1506 540 1577 suscepto
562 1495 687 1575 officio,
709 1497 864 1577 clystera
881 1497 1120 1577 purgationis,
1145 1507 1179 1560 et
1201 1497 1315 1561 omnis
1340 1497 1482 1575 generis
1500 1497 1593 1578 phar·
1683 1533 1684 1540 κ

373 1621 478 1668 maca
501 1619 609 1672 manu
633 1603 779 1684 propria
804 1601 1024 1684 appl'icabat3
1049 1603 1198 1682 singulis
1217 1603 1392 1680 noctibuS,
1415 1616 1454 1668 ut
1475 1621 1592 1685 aegros
1683 1639 1684 1680 1

375 1711 606 1790 refocillaret,
627 1709 774 1774 acubili
799 1710 986 1790 aliquoties
1012 1711 1197 1791 surgebat;
1225 1709 1378 1775 interdiu
1403 1712 1498 1791 apud
1521 1711 1592 1775 Pro·
1683 1757 1684 1766 ,

373 1834 496 1898 regem
514 1815 550 1880 id
572 1817 717 1898 agebat,
741 1825 780 1880 ut
803 1833 1042 1896 nummorum,
1066 1815 1370 1898 coniecturarum,
1397 1819 1593 1882 victualium

373 1933 410 1988 et
424 1941 543 1988 rerum
554 1924 840 1988 necessariarum
860 1923 1047 1988 commoda
1068 1924 1169 1988 fieret
1190 1925 1361 2005 provisio.
1381 1925 1421 1989 In
1442 1926 1511 1990 isto
1524 1944 1593 1988 san·

373 2042 431 2094 cto
451 2031 646 2095 ministerio
667 2039 768 2094 tanta
787 2048 869 2094 cum
888 2031 1074 2110 vigilantia
1090 2048 1168 2094 sese
1183 2032 1342 2096 exercuit
1362 2049 1451 2111 erga
1467 2049 1590 2104 omnes,

371 2147 510 2202 tantum
524 2139 711 2201 charitatis
725 2137 890 2201 aflectum
904 2136 1073 2218 exhibuit,
1089 2147 1129 2203 ut
1143 2156 1267 2204 omnes
1290 2149 1464 2220 quotquot
1478 2140 1523 2204 ad
1535 2157 1593 2204 nos

371 2245 519 2309 veniunt
542 2244 672 2308 milites
690 2243 753 2308 vix
773 2243 867 2308 aliud
890 2261 911 2306 a
935 2244 1098 2308 laudibus
1118 2245 1329 2326 pientissimi
1348 2245 1466 2310 Patris
1484 2263 1593 2328 perso·

370 2361 474 2430 nent,
490 2367 595 2431 quem
610 2359 646 2413 et
659 2350 705 2414 ob
720 2350 896 2429 insignem
919 2351 1016 2414 illam
1036 2352 1198 2416 omnibus
1211 2352 1431 2416 declaratam
1445 2353 1593 2432 benigni·
1683 2381 1684 2436 p

372 2467 493 2536 tatem,
525 2455 726 2520 sanctitatis
751 2456 925 2520 vocabulo
950 2468 1192 2538 remunerant,
1215 2459 1373 2523 dicentes
1398 2459 1593 2524 identidem:

370 2563 524 2628 Sanctus
548 2572 603 2626 est
626 2562 733 2626 Pater
758 2563 913 2642 Laynez.
941 2563 1129 2629 Affirmant
1153 2582 1276 2647 parem
1300 2584 1339 2628 se
1363 2565 1496 2630 vidisse
1516 2583 1593 2630 nun·

372 2687 495 2750 quam,
513 2669 572 2751 qui
586 2677 687 2733 tanta
701 2671 901 2750 alacritate,
918 2671 1031 2750 quise
1045 2670 1095 2734 ita
1110 2681 1222 2737 totum
1236 2673 1509 2736 necessitatibus
1523 2690 1595 2753 pro·

371 2777 550 2841 ximorum
570 2775 799 2857 impenderet.
815 2775 986 2857 Dejerant
1010 2778 1035 2841 ii
1058 2795 1197 2860 quoque
1219 2797 1290 2843 non
1309 2781 1385 2843 sine
1405 2780 1527 2846 divino
1541 2780 1595 2842 mi-

371 2885 492 2948 raculo
511 2883 726 2965 specialique
739 2885 928 2964 privilegio
943 2903 1021 2949 esse
1035 2894 1235 2966 protectum
1249 2896 1304 2966 ut,
1328 2888 1462 2952 tamdiu
1484 2905 1597 2952 versa-

370 3001 428 3055 tus
448 2991 539 3054 inter
560 3000 612 3054 tot
633 2991 809 3071 pericula,
836 2993 933 3055 solus
955 2993 1231 3058 ministrantium
1246 2995 1282 3057 in
1296 3013 1338 3058 eo
1354 2996 1433 3059 loco
1448 2996 1598 3059 intactus

368 3099 541 3176 evaserit,
569 3095 670 3177 cuius
689 3098 742 3161 rei
760 3097 864 3162 fidem
888 3098 974 3162 facit
1001 3101 1099 3163 clara
1118 3101 1353 3181 experientia3
1375 3119 1483 3182 quum
1508 3103 1598 3166 enim

370 3222 508 3284 omneS,
525 3206 587 3286 qui
602 3206 708 3268 simul
722 3205 989 3284 ministrabant,
1006 3203 1151 3289 propter
1171 3207 1299 3272 nimios
1319 3208 1461 3272 labores
1475 3218 1510 3273 et
1524 3227 1599 3289 pro·

371 3321 449 3391 pter
470 3312 719 3391 contagiosum
739 3313 1021 3390 graveolentiam
1040 3314 1109 3377 loci
1127 3323 1201 3378 tam
1221 3314 1358 3394 foetidi,
1375 3325 1526 3380 mortem
1542 3325 1599 3379 aut

372 3417 611 3482 infirmitatem
635 3419 762 3481 saltem
786 3418 942 3498 effugere
970 3437 1042 3484 non
1069 3431 1275 3501 potuerunt,
1306 3422 1397 3487 inter
1418 3439 1509 3503 quos
1533 3423 1601 3488 duo

371 3523 495 3588 Patres
510 3521 723 3604 Ca'puchini,
748 3526 823 3588 suis
844 3525 1013 3590 fratribus
1034 3526 1165 3591 ibidem
1183 3530 1349 3608 mortuis,
1371 3529 1442 3593 huc
1459 3539 1603 3611 propter

371 3631 611 3694 infirmitatem
625 3631 742 3694 redire
756 3633 929 3712 compulsi
948 3642 1049 3711 sunt,
1066 3633 1171 3698 Pater
1185 3619 1339 3715 Lay'nez,
1356 3645 1409 3699 tot
1424 3637 1603 3700 laboribus

374 3753 533 3815 pressus,
550 3737 752 3819 eisdemque
777 3738 943 3819 periculis
969 3739 1144 3820 abjectus,
1165 3759 1236 3804 non
1257 3741 1361 3806 modo
1381 3759 1454 3806 non
1474 3755 1529 3807 est
1543 3762 1602 3806 un-

372 3859 480 3922 quam
494 3841 691 3906 infirmatus
704 3845 871 3923 graviuS,
888 3862 1015 3909 verum
1029 3848 1136 3911 etiam
1151 3846 1278 3928 majori
1291 3848 1461 3912 beneficio
1472 3851 1603 3913 sanita·

372 3949 418 4011 tis
432 3964 519 4012 usus
534 3965 643 4029 quam
657 3958 779 4031 antea,
796 3951 880 4015 dum
894 3953 989 4032 apud
1003 3970 1069 4016 nos
1078 3953 1136 4017 hic
1147 3967 1281 4035 ageret.
1295 3955 1443 4021 Praeter
1456 3955 1603 4036 hujusce

373 4055 457 4118 mali
477 4055 716 4119 intolerabiles
738 4059 934 4140 molestias,
959 4077 1048 4140 quas
1072 4061 1148 4124 sine
1168 4063 1240 4126 ulla
1266 4063 1475 4127 remissione
1500 4065 1604 4127 susti·

371 4163 495 4236 nebat,
513 4162 620 4225 dabat
635 4180 775 4227 omnem
790 4181 936 4245 operam
949 4175 988 4232 ut
1002 4168 1192 4234 morientes
1203 4170 1357 4250 animaS,
1374 4171 1508 4234 avitiis
1522 4189 1607 4252 poe·

370 4269 522 4332 nitentia
549 4277 583 4332 et
612 4269 822 4336 contritione
849 4283 1084 4354 expurgatas,
1111 4276 1298 4340 redderent
1322 4276 1412 4356 Deo,
1439 4295 1510 4358 quo
1535 4279 1605 4342 fine

371 4383 518 4437 sanctus
532 4376 598 4439 iste
613 4377 712 4441 labor
727 4378 869 4442 minime
884 4379 1075 4444 frustratus
1098 4390 1166 4461 est,
1183 4382 1336 4448 inductis
1351 4385 1397 4448 ad
1412 4385 1607 4449 confessio·

369 4499 454 4544 nem
468 4481 635 4562 diversis,
649 4500 798 4564 quorum
813 4486 870 4549 hic
883 4495 956 4550 toto
968 4487 1224 4570 quinquennio,
1242 4491 1298 4553 ille
1313 4492 1498 4569 decennio,
1512 4495 1607 4556 alius

414 4721 422 4752 Ι
451 4721 517 4766 Vlde
530 4722 625 4767 Carras
635 4724 667 4767 de
678 4724 732 4767 San
743 4725 866 4778 Igrrocr'o,
877 4733 895 4770 t.
907 4737 932 4774 u,
945 4739 1004 4781 pag.
1015 4728 1056 4770 250
1065 4735 1090 4771 et
1100 4728 1147 4773 430.
