<?xml version="1.0" encoding="UTF-8"?>
<!DOCTYPE html PUBLIC "-//W3C//DTD XHTML 1.0 Transitional//EN"
    "http://www.w3.org/TR/xhtml1/DTD/xhtml1-transitional.dtd">
<html xmlns="http://www.w3.org/1999/xhtml" xml:lang="en" lang="en">
 <head>
  <title>
</title>
<meta http-equiv="Content-Type" content="text/html;charset=utf-8" />
  <meta name='ocr-system' content='tesseract 3.04.00' />
  <meta name='ocr-capabilities' content='ocr_page ocr_carea ocr_par ocr_line ocrx_word'/>
</head>
<body>
  <div class='ocr_page' id='page_1' title='image "./litteraequadrim01jesugoog_0432.png"; bbox 0 0 3378 5530; ppageno 0'>
   <div class='ocr_carea' id='block_1_1' title="bbox 332 467 1175 538">
    <p class='ocr_par' dir='ltr' id='par_1_1' title="bbox 332 467 1175 538">
     <span class='ocr_line' id='line_1_1' title="bbox 332 467 1175 538; baseline 0.002 -10"><span class='ocrx_word' id='word_1_1' title='bbox 332 469 386 528; x_wconf 78' lang='grc'><strong>430</strong></span> <span class='ocrx_word' id='word_1_2' title='bbox 714 467 884 528; x_wconf 63' lang='lat' dir='ltr'><strong>Limnaia</strong></span> <span class='ocrx_word' id='word_1_3' title='bbox 904 485 1175 538; x_wconf 78' lang='lat' dir='ltr'><strong>ouanntuasrntts</strong></span> 
     </span>
    </p>
   </div>
   <div class='ocr_carea' id='block_1_2' title="bbox 332 613 1574 4538">
    <p class='ocr_par' dir='ltr' id='par_1_2' title="bbox 332 613 1574 2081">
     <span class='ocr_line' id='line_1_2' title="bbox 334 613 1567 696; baseline 0.002 -18"><span class='ocrx_word' id='word_1_4' title='bbox 334 614 410 678; x_wconf 91' lang='lat' dir='ltr'><strong>Deo</strong></span> <span class='ocrx_word' id='word_1_5' title='bbox 431 615 594 694; x_wconf 92' lang='lat' dir='ltr'><strong>spiritum</strong></span> <span class='ocrx_word' id='word_1_6' title='bbox 614 613 783 694; x_wconf 82' lang='lat' dir='ltr'><strong>reddidit,</strong></span> <span class='ocrx_word' id='word_1_7' title='bbox 806 615 855 677; x_wconf 89' lang='lat' dir='ltr'><strong>ita</strong></span> <span class='ocrx_word' id='word_1_8' title='bbox 877 623 915 677; x_wconf 92' lang='lat' dir='ltr'><strong>ut</strong></span> <span class='ocrx_word' id='word_1_9' title='bbox 936 631 1058 678; x_wconf 90' lang='lat' dir='ltr'><strong>omnes</strong></span> <span class='ocrx_word' id='word_1_10' title='bbox 1083 615 1142 696; x_wconf 92' lang='lat' dir='ltr'><strong>qui</strong></span> <span class='ocrx_word' id='word_1_11' title='bbox 1161 616 1260 680; x_wconf 89' lang='lat' dir='ltr'><strong>illum</strong></span> <span class='ocrx_word' id='word_1_12' title='bbox 1284 616 1374 680; x_wconf 91' lang='lat' dir='ltr'><strong>mori</strong></span> <span class='ocrx_word' id='word_1_13' title='bbox 1396 615 1567 680; x_wconf 88' lang='lat' dir='ltr'><strong>viderunt</strong></span> 
     </span>
     <span class='ocr_line' id='line_1_3' title="bbox 332 721 1565 802; baseline 0.001 -17"><span class='ocrx_word' id='word_1_14' title='bbox 332 721 492 786; x_wconf 86' lang='lat' dir='ltr'>Creatori</span> <span class='ocrx_word' id='word_1_15' title='bbox 507 721 664 784; x_wconf 91' lang='lat' dir='ltr'><strong>omnium</strong></span> <span class='ocrx_word' id='word_1_16' title='bbox 678 721 950 784; x_wconf 86' lang='lat' dir='ltr'><strong>clementissimo</strong></span> <span class='ocrx_word' id='word_1_17' title='bbox 965 722 1101 800; x_wconf 81' lang='lat' dir='ltr'>gratias</span> <span class='ocrx_word' id='word_1_18' title='bbox 1115 721 1312 786; x_wconf 86' lang='lat' dir='ltr'><strong>redderent.</strong></span> <span class='ocrx_word' id='word_1_19' title='bbox 1331 721 1445 802; x_wconf 87' lang='lat' dir='ltr'><strong>Quem</strong></span> <span class='ocrx_word' id='word_1_20' title='bbox 1466 724 1565 786; x_wconf 89' lang='lat' dir='ltr'><strong>enim</strong></span> 
     </span>
     <span class='ocr_line' id='line_1_4' title="bbox 332 827 1565 894; baseline 0.002 -4"><span class='ocrx_word' id='word_1_21' title='bbox 332 828 516 892; x_wconf 86' lang='lat' dir='ltr'><strong>discedens</strong></span> <span class='ocrx_word' id='word_1_22' title='bbox 534 827 540 859; x_wconf 91' lang='lat'><strong>¹</strong></span> <span class='ocrx_word' id='word_1_23' title='bbox 556 828 615 890; x_wconf 90' lang='lat' dir='ltr'><strong>ille</strong></span> <span class='ocrx_word' id='word_1_24' title='bbox 629 845 702 890; x_wconf 91' lang='lat' dir='ltr'><strong>non</strong></span> <span class='ocrx_word' id='word_1_25' title='bbox 717 827 931 891; x_wconf 84' lang='lat' dir='ltr'><strong>aedificavit?</strong></span> <span class='ocrx_word' id='word_1_26' title='bbox 945 828 1083 892; x_wconf 87' lang='lat' dir='ltr'><strong>Etenim</strong></span> <span class='ocrx_word' id='word_1_27' title='bbox 1097 829 1155 892; x_wconf 92' lang='lat' dir='ltr'><strong>bic</strong></span> <span class='ocrx_word' id='word_1_28' title='bbox 1170 829 1213 892; x_wconf 88' lang='lat' dir='ltr'><strong>de</strong></span> <span class='ocrx_word' id='word_1_29' title='bbox 1228 840 1344 893; x_wconf 88' lang='lat' dir='ltr'><strong>morte</strong></span> <span class='ocrx_word' id='word_1_30' title='bbox 1359 830 1454 892; x_wconf 90' lang='lat' dir='ltr'><strong>illius</strong></span> <span class='ocrx_word' id='word_1_31' title='bbox 1472 831 1565 894; x_wconf 89' lang='lat' dir='ltr'><strong>inter</strong></span> 
     </span>
     <span class='ocr_line' id='line_1_5' title="bbox 333 934 1564 1016; baseline 0.002 -18"><span class='ocrx_word' id='word_1_32' title='bbox 333 935 461 998; x_wconf 86' lang='lat' dir='ltr'><strong>milites</strong></span> <span class='ocrx_word' id='word_1_33' title='bbox 474 951 596 998; x_wconf 89' lang='lat' dir='ltr'><strong>rumor</strong></span> <span class='ocrx_word' id='word_1_34' title='bbox 610 934 800 998; x_wconf 88' lang='lat' dir='ltr'><strong>ferebatur:</strong></span> <span class='ocrx_word' id='word_1_35' title='bbox 816 935 941 998; x_wconf 89' lang='lat' dir='ltr'><strong>beatus</strong></span> <span class='ocrx_word' id='word_1_36' title='bbox 955 936 1012 998; x_wconf 92' lang='lat' dir='ltr'><strong>ille</strong></span> <span class='ocrx_word' id='word_1_37' title='bbox 1026 952 1141 1014; x_wconf 90' lang='lat' dir='ltr'><strong>quem,</strong></span> <span class='ocrx_word' id='word_1_38' title='bbox 1154 936 1237 1000; x_wconf 90' lang='lat' dir='ltr'><strong>forti</strong></span> <span class='ocrx_word' id='word_1_39' title='bbox 1249 937 1366 999; x_wconf 89' lang='lat' dir='ltr'><strong>animo</strong></span> <span class='ocrx_word' id='word_1_40' title='bbox 1379 943 1419 1000; x_wconf 88' lang='lat' dir='ltr'><strong>ut</strong></span> <span class='ocrx_word' id='word_1_41' title='bbox 1430 946 1564 1016; x_wconf 85' lang='lat' dir='ltr'><strong>marty·</strong></span> 
     </span>
     <span class='ocr_line' id='line_1_6' title="bbox 333 1040 1564 1124; baseline 0 -18"><span class='ocrx_word' id='word_1_42' title='bbox 333 1060 418 1116; x_wconf 87' lang='lat' dir='ltr'><strong>rem,</strong></span> <span class='ocrx_word' id='word_1_43' title='bbox 429 1042 636 1121; x_wconf 88' lang='lat' dir='ltr'><strong>etreligiose</strong></span> <span class='ocrx_word' id='word_1_44' title='bbox 647 1051 685 1104; x_wconf 93' lang='lat' dir='ltr'><strong>ut</strong></span> <span class='ocrx_word' id='word_1_45' title='bbox 697 1051 859 1104; x_wconf 87' lang='lat' dir='ltr'><strong>sanctum</strong></span> <span class='ocrx_word' id='word_1_46' title='bbox 871 1040 998 1122; x_wconf 90' lang='lat' dir='ltr'><strong>virum,</strong></span> <span class='ocrx_word' id='word_1_47' title='bbox 1010 1042 1102 1106; x_wconf 90' lang='lat' dir='ltr'><strong>mori</strong></span> <span class='ocrx_word' id='word_1_48' title='bbox 1111 1041 1276 1106; x_wconf 80' lang='lat' dir='ltr'><strong>vidimus,</strong></span> <span class='ocrx_word' id='word_1_49' title='bbox 1289 1043 1342 1106; x_wconf 92' lang='lat' dir='ltr'><strong>lta</strong></span> <span class='ocrx_word' id='word_1_50' title='bbox 1353 1043 1450 1122; x_wconf 88' lang='lat' dir='ltr'><strong>quod</strong></span> <span class='ocrx_word' id='word_1_51' title='bbox 1463 1053 1564 1124; x_wconf 87' lang='lat' dir='ltr'><strong>opta-</strong></span> 
     </span>
     <span class='ocr_line' id='line_1_7' title="bbox 335 1147 1568 1229; baseline 0.001 -18"><span class='ocrx_word' id='word_1_52' title='bbox 335 1149 396 1212; x_wconf 88' lang='lat' dir='ltr'><strong>bat</strong></span> <span class='ocrx_word' id='word_1_53' title='bbox 415 1148 558 1212; x_wconf 91' lang='lat' dir='ltr'><strong>omnino</strong></span> <span class='ocrx_word' id='word_1_54' title='bbox 582 1147 734 1210; x_wconf 88' lang='lat' dir='ltr'><strong>invenit:</strong></span> <span class='ocrx_word' id='word_1_55' title='bbox 755 1148 815 1227; x_wconf 91' lang='lat' dir='ltr'><strong>qui</strong></span> <span class='ocrx_word' id='word_1_56' title='bbox 837 1147 987 1210; x_wconf 88' lang='lat' dir='ltr'><strong>enimse</strong></span> <span class='ocrx_word' id='word_1_57' title='bbox 1007 1148 1225 1229; x_wconf 88' lang='lat' dir='ltr'><strong>spiritualem</strong></span> <span class='ocrx_word' id='word_1_58' title='bbox 1245 1150 1313 1212; x_wconf 88' lang='lat' dir='ltr'><strong>hac</strong></span> <span class='ocrx_word' id='word_1_59' title='bbox 1332 1150 1568 1229; x_wconf 89' lang='lat' dir='ltr'><strong>navigatione</strong></span> 
     </span>
     <span class='ocr_line' id='line_1_8' title="bbox 333 1253 1567 1336; baseline 0 -18"><span class='ocrx_word' id='word_1_60' title='bbox 333 1255 408 1318; x_wconf 91' lang='lat' dir='ltr'><strong>fore</strong></span> <span class='ocrx_word' id='word_1_61' title='bbox 423 1255 572 1333; x_wconf 87' lang='lat' dir='ltr'><strong>dixerat,</strong></span> <span class='ocrx_word' id='word_1_62' title='bbox 596 1263 690 1317; x_wconf 90' lang='lat' dir='ltr'><strong>totus</strong></span> <span class='ocrx_word' id='word_1_63' title='bbox 712 1264 823 1331; x_wconf 89' lang='lat' dir='ltr'><strong>certe,</strong></span> <span class='ocrx_word' id='word_1_64' title='bbox 844 1253 975 1318; x_wconf 88' lang='lat' dir='ltr'><strong>Christi</strong></span> <span class='ocrx_word' id='word_1_65' title='bbox 994 1255 1252 1335; x_wconf 86' lang='lat' dir='ltr'><strong>misericordia,</strong></span> <span class='ocrx_word' id='word_1_66' title='bbox 1276 1256 1320 1322; x_wconf 87' lang='lat' dir='ltr'><strong>ab</strong></span> <span class='ocrx_word' id='word_1_67' title='bbox 1339 1255 1445 1336; x_wconf 84' lang='lat' dir='ltr'><strong>buJ&#39;us</strong></span> <span class='ocrx_word' id='word_1_68' title='bbox 1470 1257 1567 1318; x_wconf 87' lang='lat' dir='ltr'><strong>vitae</strong></span> 
     </span>
     <span class='ocr_line' id='line_1_9' title="bbox 334 1360 1569 1443; baseline -0.002 -17"><span class='ocrx_word' id='word_1_69' title='bbox 334 1362 487 1426; x_wconf 90' lang='lat' dir='ltr'><strong>miseriis</strong></span> <span class='ocrx_word' id='word_1_70' title='bbox 500 1361 684 1440; x_wconf 78' lang='lat' dir='ltr'><strong>liberatuS,</strong></span> <span class='ocrx_word' id='word_1_71' title='bbox 701 1360 816 1424; x_wconf 89' lang='lat' dir='ltr'><strong>factus</strong></span> <span class='ocrx_word' id='word_1_72' title='bbox 831 1371 884 1424; x_wconf 89' lang='lat' dir='ltr'><strong>est</strong></span> <span class='ocrx_word' id='word_1_73' title='bbox 903 1362 1083 1426; x_wconf 88' lang='lat' dir='ltr'><strong>coelestis:</strong></span> <span class='ocrx_word' id='word_1_74' title='bbox 1104 1362 1236 1426; x_wconf 88' lang='lat' dir='ltr'><strong>scimus</strong></span> <span class='ocrx_word' id='word_1_75' title='bbox 1255 1363 1347 1426; x_wconf 89' lang='lat' dir='ltr'><strong>enim</strong></span> <span class='ocrx_word' id='word_1_76' title='bbox 1369 1363 1569 1443; x_wconf 84' lang='lat' dir='ltr'><strong>pretiosam</strong></span> 
     </span>
     <span class='ocr_line' id='line_1_10' title="bbox 333 1465 1568 1549; baseline 0.001 -19"><span class='ocrx_word' id='word_1_77' title='bbox 333 1486 413 1531; x_wconf 89' lang='lat' dir='ltr'><strong>esse</strong></span> <span class='ocrx_word' id='word_1_78' title='bbox 427 1468 463 1531; x_wconf 89' lang='lat' dir='ltr'><strong>in</strong></span> <span class='ocrx_word' id='word_1_79' title='bbox 478 1477 670 1547; x_wconf 87' lang='lat' dir='ltr'><strong>conspectu</strong></span> <span class='ocrx_word' id='word_1_80' title='bbox 684 1467 828 1531; x_wconf 88' lang='lat' dir='ltr'><strong>Domini</strong></span> <span class='ocrx_word' id='word_1_81' title='bbox 842 1477 992 1532; x_wconf 90' lang='lat' dir='ltr'><strong>mortem</strong></span> <span class='ocrx_word' id='word_1_82' title='bbox 1003 1465 1190 1548; x_wconf 87' lang='lat' dir='ltr'><strong>justorum;</strong></span> <span class='ocrx_word' id='word_1_83' title='bbox 1207 1470 1267 1549; x_wconf 91' lang='lat' dir='ltr'><strong>qui</strong></span> <span class='ocrx_word' id='word_1_84' title='bbox 1282 1469 1331 1532; x_wconf 89' lang='lat' dir='ltr'><strong>ita</strong></span> <span class='ocrx_word' id='word_1_85' title='bbox 1347 1470 1468 1532; x_wconf 91' lang='lat' dir='ltr'><strong>omnia</strong></span> <span class='ocrx_word' id='word_1_86' title='bbox 1485 1488 1568 1534; x_wconf 86' lang='lat' dir='ltr'><strong>ossa</strong></span> 
     </span>
     <span class='ocr_line' id='line_1_11' title="bbox 335 1573 1569 1652; baseline 0.001 -14"><span class='ocrx_word' id='word_1_87' title='bbox 335 1592 459 1638; x_wconf 91' lang='lat' dir='ltr'><strong>eorum</strong></span> <span class='ocrx_word' id='word_1_88' title='bbox 478 1573 641 1652; x_wconf 89' lang='lat' dir='ltr'><strong>custodit,</strong></span> <span class='ocrx_word' id='word_1_89' title='bbox 667 1583 704 1638; x_wconf 92' lang='lat' dir='ltr'><strong>ut</strong></span> <span class='ocrx_word' id='word_1_90' title='bbox 723 1591 831 1638; x_wconf 93' lang='lat' dir='ltr'><strong>unum</strong></span> <span class='ocrx_word' id='word_1_91' title='bbox 855 1592 900 1638; x_wconf 81' lang='lat' dir='ltr'><strong>ex</strong></span> <span class='ocrx_word' id='word_1_92' title='bbox 919 1575 969 1638; x_wconf 91' lang='lat' dir='ltr'><strong>eis</strong></span> <span class='ocrx_word' id='word_1_93' title='bbox 988 1593 1060 1638; x_wconf 93' lang='lat' dir='ltr'><strong>non</strong></span> <span class='ocrx_word' id='word_1_94' title='bbox 1083 1585 1304 1639; x_wconf 90' lang='lat' dir='ltr'><strong>conteratur:</strong></span> <span class='ocrx_word' id='word_1_95' title='bbox 1325 1593 1423 1639; x_wconf 89' lang='lat' dir='ltr'><strong>mors</strong></span> <span class='ocrx_word' id='word_1_96' title='bbox 1447 1585 1569 1639; x_wconf 88' lang='lat' dir='ltr'><strong>autem</strong></span> 
     </span>
     <span class='ocr_line' id='line_1_12' title="bbox 335 1682 1569 1763; baseline 0.001 -18"><span class='ocrx_word' id='word_1_97' title='bbox 335 1691 564 1763; x_wconf 89' lang='lat' dir='ltr'><strong>peccatorum</strong></span> <span class='ocrx_word' id='word_1_98' title='bbox 578 1699 621 1745; x_wconf 91' lang='lat' dir='ltr'><strong>ea</strong></span> <span class='ocrx_word' id='word_1_99' title='bbox 639 1691 693 1744; x_wconf 86' lang='lat' dir='ltr'><strong>est</strong></span> <span class='ocrx_word' id='word_1_100' title='bbox 713 1699 804 1762; x_wconf 91' lang='lat' dir='ltr'><strong>quae</strong></span> <span class='ocrx_word' id='word_1_101' title='bbox 822 1682 977 1761; x_wconf 88' lang='lat' dir='ltr'><strong>pessima</strong></span> <span class='ocrx_word' id='word_1_102' title='bbox 996 1682 1135 1761; x_wconf 90' lang='lat' dir='ltr'><strong>dicitur;</strong></span> <span class='ocrx_word' id='word_1_103' title='bbox 1157 1682 1323 1762; x_wconf 87' lang='lat' dir='ltr'><strong>quivero</strong></span> <span class='ocrx_word' id='word_1_104' title='bbox 1348 1683 1385 1746; x_wconf 93' lang='lat' dir='ltr'><strong>in</strong></span> <span class='ocrx_word' id='word_1_105' title='bbox 1411 1682 1569 1748; x_wconf 90' lang='lat' dir='ltr'><strong>Domino</strong></span> 
     </span>
     <span class='ocr_line' id='line_1_13' title="bbox 338 1787 1567 1870; baseline 0.001 -19"><span class='ocrx_word' id='word_1_106' title='bbox 338 1789 547 1866; x_wconf 90' lang='lat' dir='ltr'><strong>moriuntur,</strong></span> <span class='ocrx_word' id='word_1_107' title='bbox 564 1789 658 1851; x_wconf 89' lang='lat' dir='ltr'><strong>beati</strong></span> <span class='ocrx_word' id='word_1_108' title='bbox 672 1787 721 1851; x_wconf 93' lang='lat' dir='ltr'><strong>illi</strong></span> <span class='ocrx_word' id='word_1_109' title='bbox 733 1788 873 1867; x_wconf 90' lang='lat' dir='ltr'><strong>quidem</strong></span> <span class='ocrx_word' id='word_1_110' title='bbox 884 1788 1146 1868; x_wconf 89' lang='lat' dir='ltr'><strong>praedicantur,</strong></span> <span class='ocrx_word' id='word_1_111' title='bbox 1160 1799 1194 1852; x_wconf 93' lang='lat' dir='ltr'><strong>et</strong></span> <span class='ocrx_word' id='word_1_112' title='bbox 1205 1790 1331 1853; x_wconf 88' lang='lat' dir='ltr'><strong>merito</strong></span> <span class='ocrx_word' id='word_1_113' title='bbox 1344 1807 1446 1868; x_wconf 89' lang='lat' dir='ltr'><strong>sane,</strong></span> <span class='ocrx_word' id='word_1_114' title='bbox 1462 1791 1567 1870; x_wconf 91' lang='lat' dir='ltr'><strong>siqui·</strong></span> 
     </span>
     <span class='ocr_line' id='line_1_14' title="bbox 336 1893 1574 1976; baseline 0.001 -19"><span class='ocrx_word' id='word_1_115' title='bbox 336 1895 416 1959; x_wconf 91' lang='lat' dir='ltr'><strong>dem</strong></span> <span class='ocrx_word' id='word_1_116' title='bbox 431 1895 568 1958; x_wconf 88' lang='lat' dir='ltr'><strong>animas</strong></span> <span class='ocrx_word' id='word_1_117' title='bbox 583 1911 705 1958; x_wconf 89' lang='lat' dir='ltr'><strong>eorum</strong></span> <span class='ocrx_word' id='word_1_118' title='bbox 720 1894 812 1957; x_wconf 89' lang='lat' dir='ltr'><strong>idem</strong></span> <span class='ocrx_word' id='word_1_119' title='bbox 826 1893 1001 1958; x_wconf 87' lang='lat' dir='ltr'><strong>Dominus</strong></span> <span class='ocrx_word' id='word_1_120' title='bbox 1015 1896 1051 1958; x_wconf 91' lang='lat' dir='ltr'><strong>in</strong></span> <span class='ocrx_word' id='word_1_121' title='bbox 1070 1913 1159 1976; x_wconf 89' lang='lat' dir='ltr'><strong>pace</strong></span> <span class='ocrx_word' id='word_1_122' title='bbox 1179 1896 1336 1974; x_wconf 89' lang='lat' dir='ltr'><strong>redimit,</strong></span> <span class='ocrx_word' id='word_1_123' title='bbox 1357 1905 1392 1959; x_wconf 90' lang='lat' dir='ltr'><strong>et</strong></span> <span class='ocrx_word' id='word_1_124' title='bbox 1415 1897 1453 1960; x_wconf 92' lang='lat' dir='ltr'><strong>in</strong></span> <span class='ocrx_word' id='word_1_125' title='bbox 1477 1898 1574 1960; x_wconf 90' lang='lat' dir='ltr'><strong>atrio</strong></span> 
     </span>
     <span class='ocr_line' id='line_1_15' title="bbox 338 2001 889 2081; baseline -0.007 -16"><span class='ocrx_word' id='word_1_126' title='bbox 338 2019 401 2065; x_wconf 90' lang='lat' dir='ltr'><strong>suo</strong></span> <span class='ocrx_word' id='word_1_127' title='bbox 417 2011 541 2065; x_wconf 87' lang='lat' dir='ltr'><strong>saneto</strong></span> <span class='ocrx_word' id='word_1_128' title='bbox 556 2001 709 2081; x_wconf 82' lang='lat' dir='ltr'><strong>gloriose</strong></span> <span class='ocrx_word' id='word_1_129' title='bbox 726 2001 889 2064; x_wconf 89' lang='lat' dir='ltr'><strong>collocat.</strong></span> 
     </span>
    </p>

    <p class='ocr_par' dir='ltr' id='par_1_3' title="bbox 336 2107 1573 4202">
     <span class='ocr_line' id='line_1_16' title="bbox 397 2107 1566 2191; baseline 0 -19"><span class='ocrx_word' id='word_1_130' title='bbox 397 2107 470 2172; x_wconf 90' lang='lat' dir='ltr'><strong>Nec</strong></span> <span class='ocrx_word' id='word_1_131' title='bbox 486 2126 573 2172; x_wconf 93' lang='lat' dir='ltr'><strong>vero</strong></span> <span class='ocrx_word' id='word_1_132' title='bbox 592 2108 740 2191; x_wconf 91' lang='lat' dir='ltr'><strong>Joannis</strong></span> <span class='ocrx_word' id='word_1_133' title='bbox 762 2108 909 2172; x_wconf 89' lang='lat' dir='ltr'><strong>Antonii</strong></span> <span class='ocrx_word' id='word_1_134' title='bbox 923 2107 946 2188; x_wconf 85' lang='lat'><strong>¹,</strong></span> <span class='ocrx_word' id='word_1_135' title='bbox 962 2109 1022 2189; x_wconf 91' lang='lat' dir='ltr'><strong>qui</strong></span> <span class='ocrx_word' id='word_1_136' title='bbox 1042 2127 1088 2172; x_wconf 84' lang='lat' dir='ltr'><strong>ex</strong></span> <span class='ocrx_word' id='word_1_137' title='bbox 1107 2109 1212 2173; x_wconf 92' lang='lat' dir='ltr'><strong>domo</strong></span> <span class='ocrx_word' id='word_1_138' title='bbox 1235 2111 1458 2190; x_wconf 91' lang='lat' dir='ltr'><strong>probationis</strong></span> <span class='ocrx_word' id='word_1_139' title='bbox 1477 2121 1566 2186; x_wconf 83' lang='lat' dir='ltr'><strong>erat,</strong></span> 
     </span>
     <span class='ocr_line' id='line_1_17' title="bbox 337 2214 1570 2296; baseline 0.001 -17"><span class='ocrx_word' id='word_1_140' title='bbox 337 2217 423 2279; x_wconf 85' lang='lat' dir='ltr'><strong>felix</strong></span> <span class='ocrx_word' id='word_1_141' title='bbox 437 2215 483 2278; x_wconf 89' lang='lat' dir='ltr'><strong>ad</strong></span> <span class='ocrx_word' id='word_1_142' title='bbox 497 2217 634 2278; x_wconf 90' lang='lat' dir='ltr'><strong>coelum</strong></span> <span class='ocrx_word' id='word_1_143' title='bbox 649 2214 835 2292; x_wconf 69' lang='lat' dir='ltr'><strong>discessus</strong></span> <span class='ocrx_word' id='word_1_144' title='bbox 854 2215 1026 2278; x_wconf 90' lang='lat' dir='ltr'><strong>minorem</strong></span> <span class='ocrx_word' id='word_1_145' title='bbox 1040 2234 1146 2296; x_wconf 85' lang='lat' dir='ltr'><strong>quam</strong></span> <span class='ocrx_word' id='word_1_146' title='bbox 1157 2215 1282 2280; x_wconf 89' lang='lat' dir='ltr'><strong>Isidori</strong></span> <span class='ocrx_word' id='word_1_147' title='bbox 1293 2218 1394 2279; x_wconf 91' lang='lat' dir='ltr'><strong>nobis</strong></span> <span class='ocrx_word' id='word_1_148' title='bbox 1405 2219 1570 2280; x_wconf 87' lang='lat' dir='ltr'><strong>consola-</strong></span> 
     </span>
     <span class='ocr_line' id='line_1_18' title="bbox 337 2320 1569 2403; baseline 0.002 -17"><span class='ocrx_word' id='word_1_149' title='bbox 337 2324 468 2387; x_wconf 90' lang='lat' dir='ltr'><strong>tionem</strong></span> <span class='ocrx_word' id='word_1_150' title='bbox 487 2323 618 2400; x_wconf 89' lang='lat' dir='ltr'><strong>attulit;</strong></span> <span class='ocrx_word' id='word_1_151' title='bbox 639 2320 682 2385; x_wconf 90' lang='lat' dir='ltr'><strong>de</strong></span> <span class='ocrx_word' id='word_1_152' title='bbox 701 2339 771 2402; x_wconf 91' lang='lat' dir='ltr'><strong>quo</strong></span> <span class='ocrx_word' id='word_1_153' title='bbox 790 2322 880 2386; x_wconf 88' lang='lat' dir='ltr'><strong>alias</strong></span> <span class='ocrx_word' id='word_1_154' title='bbox 905 2323 1149 2403; x_wconf 84' lang='lat' dir='ltr'><strong>scriptumest</strong></span> <span class='ocrx_word' id='word_1_155' title='bbox 1173 2323 1296 2387; x_wconf 88' lang='lat' dir='ltr'><strong>fusius.</strong></span> <span class='ocrx_word' id='word_1_156' title='bbox 1317 2325 1364 2388; x_wconf 92' lang='lat' dir='ltr'><strong>Ut</strong></span> <span class='ocrx_word' id='word_1_157' title='bbox 1384 2325 1505 2388; x_wconf 90' lang='lat' dir='ltr'><strong>dicam</strong></span> <span class='ocrx_word' id='word_1_158' title='bbox 1526 2326 1569 2388; x_wconf 89' lang='lat' dir='ltr'><strong>de</strong></span> 
     </span>
     <span class='ocr_line' id='line_1_19' title="bbox 337 2429 1570 2512; baseline 0.002 -19"><span class='ocrx_word' id='word_1_159' title='bbox 337 2429 455 2493; x_wconf 91' lang='lat' dir='ltr'><strong>multis</strong></span> <span class='ocrx_word' id='word_1_160' title='bbox 470 2429 599 2508; x_wconf 90' lang='lat' dir='ltr'><strong>aliqua,</strong></span> <span class='ocrx_word' id='word_1_161' title='bbox 616 2445 696 2491; x_wconf 92' lang='lat' dir='ltr'><strong>cum</strong></span> <span class='ocrx_word' id='word_1_162' title='bbox 711 2429 849 2492; x_wconf 91' lang='lat' dir='ltr'><strong>vicinus</strong></span> <span class='ocrx_word' id='word_1_163' title='bbox 863 2429 968 2492; x_wconf 91' lang='lat' dir='ltr'><strong>morti</strong></span> <span class='ocrx_word' id='word_1_164' title='bbox 982 2438 1086 2507; x_wconf 90' lang='lat' dir='ltr'><strong>esset,</strong></span> <span class='ocrx_word' id='word_1_165' title='bbox 1102 2431 1241 2494; x_wconf 89' lang='lat' dir='ltr'><strong>vocatis</strong></span> <span class='ocrx_word' id='word_1_166' title='bbox 1256 2431 1437 2509; x_wconf 87' lang='lat' dir='ltr'><strong>fratribus,</strong></span> <span class='ocrx_word' id='word_1_167' title='bbox 1456 2433 1519 2512; x_wconf 90' lang='lat' dir='ltr'><strong>qui</strong></span> <span class='ocrx_word' id='word_1_168' title='bbox 1534 2433 1570 2495; x_wconf 91' lang='lat' dir='ltr'><strong>in</strong></span> 
     </span>
     <span class='ocr_line' id='line_1_20' title="bbox 338 2534 1570 2615; baseline 0.002 -16"><span class='ocrx_word' id='word_1_169' title='bbox 338 2536 461 2602; x_wconf 87' lang='lat' dir='ltr'><strong>eadem</strong></span> <span class='ocrx_word' id='word_1_170' title='bbox 490 2536 594 2598; x_wconf 91' lang='lat' dir='ltr'><strong>domo</strong></span> <span class='ocrx_word' id='word_1_171' title='bbox 620 2534 752 2614; x_wconf 85' lang='lat' dir='ltr'><strong>jngiter</strong></span> <span class='ocrx_word' id='word_1_172' title='bbox 776 2535 853 2599; x_wconf 89' lang='lat' dir='ltr'><strong>Deo</strong></span> <span class='ocrx_word' id='word_1_173' title='bbox 878 2537 1054 2615; x_wconf 88' lang='lat' dir='ltr'><strong>serviunt,</strong></span> <span class='ocrx_word' id='word_1_174' title='bbox 1081 2536 1126 2599; x_wconf 90' lang='lat' dir='ltr'><strong>ad</strong></span> <span class='ocrx_word' id='word_1_175' title='bbox 1155 2538 1390 2601; x_wconf 87' lang='lat' dir='ltr'><strong>obedientiam</strong></span> <span class='ocrx_word' id='word_1_176' title='bbox 1415 2556 1480 2602; x_wconf 88' lang='lat' dir='ltr'><strong>eos</strong></span> <span class='ocrx_word' id='word_1_177' title='bbox 1512 2557 1570 2602; x_wconf 88' lang='lat' dir='ltr'><strong>ve·</strong></span> 
     </span>
     <span class='ocr_line' id='line_1_21' title="bbox 337 2641 1570 2725; baseline 0.002 -19"><span class='ocrx_word' id='word_1_178' title='bbox 337 2643 494 2706; x_wconf 90' lang='lat' dir='ltr'><strong>hementi</strong></span> <span class='ocrx_word' id='word_1_179' title='bbox 508 2641 634 2724; x_wconf 92' lang='lat' dir='ltr'><strong>spiritu</strong></span> <span class='ocrx_word' id='word_1_180' title='bbox 650 2643 858 2706; x_wconf 87' lang='lat' dir='ltr'><strong>adhortatus</strong></span> <span class='ocrx_word' id='word_1_181' title='bbox 872 2653 936 2707; x_wconf 91' lang='lat' dir='ltr'><strong>est.</strong></span> <span class='ocrx_word' id='word_1_182' title='bbox 950 2643 1041 2707; x_wconf 90' lang='lat' dir='ltr'><strong>Huic</strong></span> <span class='ocrx_word' id='word_1_183' title='bbox 1053 2653 1171 2707; x_wconf 87' lang='lat' dir='ltr'><strong>autem</strong></span> <span class='ocrx_word' id='word_1_184' title='bbox 1187 2655 1419 2725; x_wconf 83' lang='lat' dir='ltr'><strong>praeceperat</strong></span> <span class='ocrx_word' id='word_1_185' title='bbox 1431 2645 1471 2708; x_wconf 92' lang='lat' dir='ltr'><strong>P.</strong></span> <span class='ocrx_word' id='word_1_186' title='bbox 1486 2645 1570 2710; x_wconf 93' lang='lat' dir='ltr'><strong>Cor-</strong></span> 
     </span>
     <span class='ocr_line' id='line_1_22' title="bbox 337 2749 1571 2831; baseline 0.002 -19"><span class='ocrx_word' id='word_1_187' title='bbox 337 2751 450 2814; x_wconf 89' lang='lat' dir='ltr'><strong>nelius</strong></span> <span class='ocrx_word' id='word_1_188' title='bbox 466 2749 535 2829; x_wconf 93' lang='lat' dir='ltr'><strong>(ille</strong></span> <span class='ocrx_word' id='word_1_189' title='bbox 556 2765 725 2830; x_wconf 90' lang='lat' dir='ltr'><strong>namque,</strong></span> <span class='ocrx_word' id='word_1_190' title='bbox 741 2759 778 2813; x_wconf 91' lang='lat' dir='ltr'><strong>ut</strong></span> <span class='ocrx_word' id='word_1_191' title='bbox 798 2751 906 2827; x_wconf 89' lang='lat' dir='ltr'><strong>nosti,</strong></span> <span class='ocrx_word' id='word_1_192' title='bbox 924 2751 1042 2814; x_wconf 90' lang='lat' dir='ltr'><strong>domui</strong></span> <span class='ocrx_word' id='word_1_193' title='bbox 1053 2752 1273 2831; x_wconf 89' lang='lat' dir='ltr'><strong>probationis</strong></span> <span class='ocrx_word' id='word_1_194' title='bbox 1285 2753 1437 2831; x_wconf 86' lang='lat' dir='ltr'><strong>praeest)</strong></span> <span class='ocrx_word' id='word_1_195' title='bbox 1453 2771 1500 2816; x_wconf 91' lang='lat' dir='ltr'><strong>ne</strong></span> <span class='ocrx_word' id='word_1_196' title='bbox 1511 2771 1571 2815; x_wconf 91' lang='lat' dir='ltr'><strong>au-</strong></span> 
     </span>
     <span class='ocr_line' id='line_1_23' title="bbox 339 2855 1570 2937; baseline 0.002 -17"><span class='ocrx_word' id='word_1_197' title='bbox 339 2874 397 2920; x_wconf 91' lang='lat' dir='ltr'><strong>res</strong></span> <span class='ocrx_word' id='word_1_198' title='bbox 411 2857 662 2920; x_wconf 86' lang='lat' dir='ltr'><strong>tentationibus</strong></span> <span class='ocrx_word' id='word_1_199' title='bbox 673 2855 884 2920; x_wconf 90' lang='lat' dir='ltr'><strong>daemonum</strong></span> <span class='ocrx_word' id='word_1_200' title='bbox 895 2856 1121 2936; x_wconf 84' lang='lat' dir='ltr'><strong>patefaceret.</strong></span> <span class='ocrx_word' id='word_1_201' title='bbox 1137 2857 1225 2922; x_wconf 89' lang='lat' dir='ltr'><strong>Cum</strong></span> <span class='ocrx_word' id='word_1_202' title='bbox 1235 2859 1341 2937; x_wconf 88' lang='lat' dir='ltr'><strong>igitur</strong></span> <span class='ocrx_word' id='word_1_203' title='bbox 1353 2875 1426 2921; x_wconf 92' lang='lat' dir='ltr'><strong>non</strong></span> <span class='ocrx_word' id='word_1_204' title='bbox 1437 2859 1570 2922; x_wconf 87' lang='lat' dir='ltr'><strong>medio·</strong></span> 
     </span>
     <span class='ocr_line' id='line_1_24' title="bbox 337 2961 1570 3044; baseline 0.003 -18"><span class='ocrx_word' id='word_1_205' title='bbox 337 2961 444 3027; x_wconf 90' lang='lat' dir='ltr'><strong>criter</strong></span> <span class='ocrx_word' id='word_1_206' title='bbox 460 2972 666 3042; x_wconf 90' lang='lat' dir='ltr'><strong>tentaretur,</strong></span> <span class='ocrx_word' id='word_1_207' title='bbox 684 2963 904 3026; x_wconf 87' lang='lat' dir='ltr'><strong>obedientiae</strong></span> <span class='ocrx_word' id='word_1_208' title='bbox 920 2981 1065 3042; x_wconf 89' lang='lat' dir='ltr'><strong>mernor,</strong></span> <span class='ocrx_word' id='word_1_209' title='bbox 1091 2981 1198 3044; x_wconf 92' lang='lat' dir='ltr'><strong>quam</strong></span> <span class='ocrx_word' id='word_1_210' title='bbox 1217 2966 1451 3044; x_wconf 85' lang='lat' dir='ltr'><strong>margaritam</strong></span> <span class='ocrx_word' id='word_1_211' title='bbox 1473 2967 1570 3030; x_wconf 88' lang='lat' dir='ltr'><strong>illam</strong></span> 
     </span>
     <span class='ocr_line' id='line_1_25' title="bbox 338 3068 1571 3154; baseline 0.002 -21"><span class='ocrx_word' id='word_1_212' title='bbox 338 3070 530 3151; x_wconf 83' lang='lat' dir='ltr'><strong>pretiosam</strong></span> <span class='ocrx_word' id='word_1_213' title='bbox 542 3069 724 3150; x_wconf 87' lang='lat' dir='ltr'><strong>judicabat</strong></span> <span class='ocrx_word' id='word_1_214' title='bbox 738 3068 1013 3148; x_wconf 86' lang='lat' dir='ltr'><strong>(necimmerito,</strong></span> <span class='ocrx_word' id='word_1_215' title='bbox 1029 3088 1107 3133; x_wconf 91' lang='lat' dir='ltr'><strong>cum</strong></span> <span class='ocrx_word' id='word_1_216' title='bbox 1119 3071 1195 3134; x_wconf 89' lang='lat' dir='ltr'><strong>sine</strong></span> <span class='ocrx_word' id='word_1_217' title='bbox 1208 3089 1251 3134; x_wconf 89' lang='lat' dir='ltr'><strong>ea</strong></span> <span class='ocrx_word' id='word_1_218' title='bbox 1265 3073 1454 3152; x_wconf 89' lang='lat' dir='ltr'><strong>quisquam</strong></span> <span class='ocrx_word' id='word_1_219' title='bbox 1470 3073 1571 3154; x_wconf 89' lang='lat' dir='ltr'><strong>spiri·</strong></span> 
     </span>
     <span class='ocr_line' id='line_1_26' title="bbox 337 3177 1571 3256; baseline 0 -16"><span class='ocrx_word' id='word_1_220' title='bbox 337 3177 443 3240; x_wconf 89' lang='lat' dir='ltr'><strong>tualis</strong></span> <span class='ocrx_word' id='word_1_221' title='bbox 457 3195 535 3240; x_wconf 90' lang='lat' dir='ltr'><strong>esse</strong></span> <span class='ocrx_word' id='word_1_222' title='bbox 549 3179 724 3256; x_wconf 84' lang='lat' dir='ltr'><strong>nequeat),</strong></span> <span class='ocrx_word' id='word_1_223' title='bbox 742 3192 807 3256; x_wconf 91' lang='lat' dir='ltr'><strong>pro</strong></span> <span class='ocrx_word' id='word_1_224' title='bbox 823 3194 891 3255; x_wconf 92' lang='lat' dir='ltr'><strong>qua</strong></span> <span class='ocrx_word' id='word_1_225' title='bbox 907 3177 1024 3239; x_wconf 91' lang='lat' dir='ltr'><strong>omnia</strong></span> <span class='ocrx_word' id='word_1_226' title='bbox 1045 3177 1231 3240; x_wconf 87' lang='lat' dir='ltr'><strong>vendenda</strong></span> <span class='ocrx_word' id='word_1_227' title='bbox 1246 3187 1328 3240; x_wconf 92' lang='lat' dir='ltr'><strong>sunt</strong></span> <span class='ocrx_word' id='word_1_228' title='bbox 1344 3186 1382 3241; x_wconf 93' lang='lat' dir='ltr'><strong>ut</strong></span> <span class='ocrx_word' id='word_1_229' title='bbox 1405 3195 1488 3242; x_wconf 90' lang='lat' dir='ltr'><strong>eam</strong></span> <span class='ocrx_word' id='word_1_230' title='bbox 1503 3180 1571 3242; x_wconf 86' lang='lat' dir='ltr'><strong>sibi</strong></span> 
     </span>
     <span class='ocr_line' id='line_1_27' title="bbox 337 3282 1572 3366; baseline -0.001 -18"><span class='ocrx_word' id='word_1_231' title='bbox 337 3285 485 3365; x_wconf 86' lang='lat' dir='ltr'><strong>quisque</strong></span> <span class='ocrx_word' id='word_1_232' title='bbox 500 3300 617 3348; x_wconf 88' lang='lat' dir='ltr'><strong>emere</strong></span> <span class='ocrx_word' id='word_1_233' title='bbox 632 3283 758 3361; x_wconf 89' lang='lat' dir='ltr'><strong>possit,</strong></span> <span class='ocrx_word' id='word_1_234' title='bbox 775 3282 813 3344; x_wconf 92' lang='lat' dir='ltr'><strong>in</strong></span> <span class='ocrx_word' id='word_1_235' title='bbox 827 3283 1052 3362; x_wconf 90' lang='lat' dir='ltr'><strong>simplicitate</strong></span> <span class='ocrx_word' id='word_1_236' title='bbox 1067 3283 1185 3346; x_wconf 90' lang='lat' dir='ltr'><strong>cordis</strong></span> <span class='ocrx_word' id='word_1_237' title='bbox 1204 3285 1269 3347; x_wconf 91' lang='lat' dir='ltr'><strong>sui:</strong></span> <span class='ocrx_word' id='word_1_238' title='bbox 1286 3284 1352 3360; x_wconf 86' lang='lat' dir='ltr'><strong>Ite,</strong></span> <span class='ocrx_word' id='word_1_239' title='bbox 1369 3285 1434 3363; x_wconf 90' lang='lat' dir='ltr'><strong>ite,</strong></span> <span class='ocrx_word' id='word_1_240' title='bbox 1455 3285 1572 3366; x_wconf 90' lang='lat' dir='ltr'><strong>inquit</strong></span> 
     </span>
     <span class='ocr_line' id='line_1_28' title="bbox 338 3388 1569 3470; baseline 0.001 -16"><span class='ocrx_word' id='word_1_241' title='bbox 338 3391 578 3468; x_wconf 68' lang='lat' dir='ltr'><strong>daemonibus</strong></span> <span class='ocrx_word' id='word_1_242' title='bbox 597 3390 643 3452; x_wconf 89' lang='lat' dir='ltr'><strong>ad</strong></span> <span class='ocrx_word' id='word_1_243' title='bbox 658 3388 810 3466; x_wconf 90' lang='lat' dir='ltr'><strong>Patrem;</strong></span> <span class='ocrx_word' id='word_1_244' title='bbox 826 3389 901 3468; x_wconf 91' lang='lat' dir='ltr'><strong>ipse</strong></span> <span class='ocrx_word' id='word_1_245' title='bbox 916 3389 1017 3452; x_wconf 85' lang='lat' dir='ltr'><strong>vobis</strong></span> <span class='ocrx_word' id='word_1_246' title='bbox 1031 3407 1097 3470; x_wconf 92' lang='lat' dir='ltr'><strong>pro</strong></span> <span class='ocrx_word' id='word_1_247' title='bbox 1112 3407 1168 3454; x_wconf 90' lang='lat' dir='ltr'><strong>me</strong></span> <span class='ocrx_word' id='word_1_248' title='bbox 1187 3391 1394 3454; x_wconf 86' lang='lat' dir='ltr'><strong>satisfaciet.</strong></span> <span class='ocrx_word' id='word_1_249' title='bbox 1415 3391 1471 3455; x_wconf 90' lang='lat' dir='ltr'><strong>lta</strong></span> <span class='ocrx_word' id='word_1_250' title='bbox 1490 3394 1569 3455; x_wconf 91' lang='lat' dir='ltr'><strong>obe·</strong></span> 
     </span>
     <span class='ocr_line' id='line_1_29' title="bbox 338 3496 1573 3576; baseline 0 -14"><span class='ocrx_word' id='word_1_251' title='bbox 338 3500 449 3574; x_wconf 86' lang='lat' dir='ltr'><strong>diens,</strong></span> <span class='ocrx_word' id='word_1_252' title='bbox 467 3515 590 3560; x_wconf 88' lang='lat' dir='ltr'><strong>eorum</strong></span> <span class='ocrx_word' id='word_1_253' title='bbox 605 3497 756 3576; x_wconf 90' lang='lat' dir='ltr'><strong>impetus</strong></span> <span class='ocrx_word' id='word_1_254' title='bbox 770 3496 908 3559; x_wconf 89' lang='lat' dir='ltr'><strong>fortiter</strong></span> <span class='ocrx_word' id='word_1_255' title='bbox 922 3497 1102 3576; x_wconf 88' lang='lat' dir='ltr'><strong>repressit,</strong></span> <span class='ocrx_word' id='word_1_256' title='bbox 1119 3498 1236 3576; x_wconf 89' lang='lat' dir='ltr'><strong>quide</strong></span> <span class='ocrx_word' id='word_1_257' title='bbox 1251 3500 1350 3574; x_wconf 87' lang='lat' dir='ltr'><strong>coelo</strong></span> <span class='ocrx_word' id='word_1_258' title='bbox 1363 3499 1573 3562; x_wconf 89' lang='lat' dir='ltr'><strong>ceciderant</strong></span> 
     </span>
     <span class='ocr_line' id='line_1_30' title="bbox 338 3601 1573 3685; baseline 0 -17"><span class='ocrx_word' id='word_1_259' title='bbox 338 3606 420 3685; x_wconf 92' lang='lat' dir='ltr'><strong>quia</strong></span> <span class='ocrx_word' id='word_1_260' title='bbox 436 3604 578 3668; x_wconf 89' lang='lat' dir='ltr'><strong>obedire</strong></span> <span class='ocrx_word' id='word_1_261' title='bbox 593 3605 791 3667; x_wconf 92' lang='lat' dir='ltr'><strong>noluerunt.</strong></span> <span class='ocrx_word' id='word_1_262' title='bbox 808 3601 900 3680; x_wconf 88' lang='lat' dir='ltr'><strong>Quid</strong></span> <span class='ocrx_word' id='word_1_263' title='bbox 914 3602 1008 3666; x_wconf 88' lang='lat' dir='ltr'><strong>enirn</strong></span> <span class='ocrx_word' id='word_1_264' title='bbox 1022 3603 1220 3667; x_wconf 89' lang='lat' dir='ltr'><strong>obedientia</strong></span> <span class='ocrx_word' id='word_1_265' title='bbox 1236 3613 1297 3666; x_wconf 90' lang='lat' dir='ltr'><strong>aut</strong></span> <span class='ocrx_word' id='word_1_266' title='bbox 1311 3607 1494 3684; x_wconf 89' lang='lat' dir='ltr'><strong>potentius</strong></span> <span class='ocrx_word' id='word_1_267' title='bbox 1509 3617 1573 3668; x_wconf 90' lang='lat' dir='ltr'><strong>aut</strong></span> 
     </span>
     <span class='ocr_line' id='line_1_31' title="bbox 337 3708 1570 3792; baseline 0 -17"><span class='ocrx_word' id='word_1_268' title='bbox 337 3712 471 3775; x_wconf 87' lang='lat' dir='ltr'><strong>utilius?</strong></span> <span class='ocrx_word' id='word_1_269' title='bbox 486 3729 555 3792; x_wconf 89' lang='lat' dir='ltr'><strong>qua</strong></span> <span class='ocrx_word' id='word_1_270' title='bbox 571 3727 640 3773; x_wconf 90' lang='lat' dir='ltr'><strong>una</strong></span> <span class='ocrx_word' id='word_1_271' title='bbox 656 3708 817 3774; x_wconf 89' lang='lat' dir='ltr'><strong>Christus</strong></span> <span class='ocrx_word' id='word_1_272' title='bbox 831 3710 950 3789; x_wconf 89' lang='lat' dir='ltr'><strong>capita</strong></span> <span class='ocrx_word' id='word_1_273' title='bbox 963 3710 1130 3773; x_wconf 89' lang='lat' dir='ltr'><strong>draconis</strong></span> <span class='ocrx_word' id='word_1_274' title='bbox 1145 3710 1333 3790; x_wconf 83' lang='lat' dir='ltr'><strong>confregit.</strong></span> <span class='ocrx_word' id='word_1_275' title='bbox 1351 3712 1398 3775; x_wconf 94' lang='lat' dir='ltr'><strong>Ut</strong></span> <span class='ocrx_word' id='word_1_276' title='bbox 1419 3711 1506 3775; x_wconf 90' lang='lat' dir='ltr'><strong>binc</strong></span> <span class='ocrx_word' id='word_1_277' title='bbox 1522 3713 1570 3775; x_wconf 90' lang='lat' dir='ltr'><strong>in-</strong></span> 
     </span>
     <span class='ocr_line' id='line_1_32' title="bbox 336 3816 1569 3899; baseline 0.001 -18"><span class='ocrx_word' id='word_1_278' title='bbox 336 3819 473 3897; x_wconf 88' lang='lat' dir='ltr'><strong>telligat</strong></span> <span class='ocrx_word' id='word_1_279' title='bbox 487 3818 634 3897; x_wconf 91' lang='lat' dir='ltr'><strong>quisque</strong></span> <span class='ocrx_word' id='word_1_280' title='bbox 652 3816 739 3879; x_wconf 94' lang='lat' dir='ltr'><strong>nihil</strong></span> <span class='ocrx_word' id='word_1_281' title='bbox 759 3833 869 3896; x_wconf 89' lang='lat' dir='ltr'><strong>aeque</strong></span> <span class='ocrx_word' id='word_1_282' title='bbox 889 3816 935 3880; x_wconf 88' lang='lat' dir='ltr'><strong>ad</strong></span> <span class='ocrx_word' id='word_1_283' title='bbox 956 3816 1146 3880; x_wconf 90' lang='lat' dir='ltr'><strong>daemones</strong></span> <span class='ocrx_word' id='word_1_284' title='bbox 1165 3819 1442 3896; x_wconf 89' lang='lat' dir='ltr'><strong>prosternendos</strong></span> <span class='ocrx_word' id='word_1_285' title='bbox 1457 3830 1569 3899; x_wconf 87' lang='lat' dir='ltr'><strong>atque</strong></span> 
     </span>
     <span class='ocr_line' id='line_1_33' title="bbox 338 3923 1570 4006; baseline 0 -18"><span class='ocrx_word' id='word_1_286' title='bbox 338 3926 453 4005; x_wconf 91' lang='lat' dir='ltr'><strong>ipsam</strong></span> <span class='ocrx_word' id='word_1_287' title='bbox 467 3924 704 3987; x_wconf 87' lang='lat' dir='ltr'><strong>obedientiam</strong></span> <span class='ocrx_word' id='word_1_288' title='bbox 718 3925 850 4002; x_wconf 87' lang='lat' dir='ltr'><strong>valere,</strong></span> <span class='ocrx_word' id='word_1_289' title='bbox 867 3940 973 4002; x_wconf 87' lang='lat' dir='ltr'><strong>quam</strong></span> <span class='ocrx_word' id='word_1_290' title='bbox 987 3923 1081 3986; x_wconf 90' lang='lat' dir='ltr'><strong>idem</strong></span> <span class='ocrx_word' id='word_1_291' title='bbox 1094 3923 1268 3986; x_wconf 90' lang='lat' dir='ltr'><strong>Dominus</strong></span> <span class='ocrx_word' id='word_1_292' title='bbox 1283 3923 1325 3987; x_wconf 89' lang='lat' dir='ltr'><strong>N.</strong></span> <span class='ocrx_word' id='word_1_293' title='bbox 1347 3924 1453 4006; x_wconf 91' lang='lat' dir='ltr'><strong>Jesus</strong></span> <span class='ocrx_word' id='word_1_294' title='bbox 1469 3925 1570 3990; x_wconf 91' lang='lat' dir='ltr'><strong>Chri·</strong></span> 
     </span>
     <span class='ocr_line' id='line_1_34' title="bbox 339 4029 1571 4111; baseline 0.002 -18"><span class='ocrx_word' id='word_1_295' title='bbox 339 4041 414 4095; x_wconf 89' lang='lat' dir='ltr'><strong>stus</strong></span> <span class='ocrx_word' id='word_1_296' title='bbox 429 4032 478 4094; x_wconf 91' lang='lat' dir='ltr'><strong>ita</strong></span> <span class='ocrx_word' id='word_1_297' title='bbox 497 4031 630 4108; x_wconf 84' lang='lat' dir='ltr'><strong>dilexit,</strong></span> <span class='ocrx_word' id='word_1_298' title='bbox 653 4039 816 4110; x_wconf 89' lang='lat' dir='ltr'><strong>utusque</strong></span> <span class='ocrx_word' id='word_1_299' title='bbox 832 4029 877 4092; x_wconf 92' lang='lat' dir='ltr'><strong>ad</strong></span> <span class='ocrx_word' id='word_1_300' title='bbox 891 4037 1057 4108; x_wconf 89' lang='lat' dir='ltr'><strong>mortem,</strong></span> <span class='ocrx_word' id='word_1_301' title='bbox 1074 4039 1224 4093; x_wconf 91' lang='lat' dir='ltr'><strong>mortem</strong></span> <span class='ocrx_word' id='word_1_302' title='bbox 1239 4041 1357 4093; x_wconf 91' lang='lat' dir='ltr'><strong>autem</strong></span> <span class='ocrx_word' id='word_1_303' title='bbox 1372 4033 1505 4111; x_wconf 87' lang='lat' dir='ltr'><strong>crucis,</strong></span> <span class='ocrx_word' id='word_1_304' title='bbox 1521 4033 1571 4096; x_wconf 90' lang='lat' dir='ltr'><strong>fa·</strong></span> 
     </span>
     <span class='ocr_line' id='line_1_35' title="bbox 338 4138 1111 4202; baseline -0.005 0"><span class='ocrx_word' id='word_1_305' title='bbox 338 4148 417 4202; x_wconf 89' lang='lat' dir='ltr'><strong>ctus</strong></span> <span class='ocrx_word' id='word_1_306' title='bbox 432 4138 537 4202; x_wconf 88' lang='lat' dir='ltr'><strong>fuerit</strong></span> <span class='ocrx_word' id='word_1_307' title='bbox 554 4138 732 4200; x_wconf 90' lang='lat' dir='ltr'><strong>obediens.</strong></span> <span class='ocrx_word' id='word_1_308' title='bbox 1108 4191 1111 4198; x_wconf 91' lang='lat'><strong>.</strong></span> 
     </span>
    </p>

    <p class='ocr_par' dir='ltr' id='par_1_4' title="bbox 337 4243 1572 4538">
     <span class='ocr_line' id='line_1_36' title="bbox 398 4243 1570 4324; baseline 0 -16"><span class='ocrx_word' id='word_1_309' title='bbox 398 4244 467 4308; x_wconf 89' lang='lat' dir='ltr'><strong>Sed</strong></span> <span class='ocrx_word' id='word_1_310' title='bbox 487 4262 577 4324; x_wconf 89' lang='lat' dir='ltr'><strong>quae</strong></span> <span class='ocrx_word' id='word_1_311' title='bbox 598 4243 702 4307; x_wconf 90' lang='lat' dir='ltr'><strong>fuerit</strong></span> <span class='ocrx_word' id='word_1_312' title='bbox 723 4244 760 4306; x_wconf 90' lang='lat' dir='ltr'><strong>iu</strong></span> <span class='ocrx_word' id='word_1_313' title='bbox 780 4261 822 4306; x_wconf 89' lang='lat' dir='ltr'><strong>eo</strong></span> <span class='ocrx_word' id='word_1_314' title='bbox 841 4243 986 4324; x_wconf 90' lang='lat' dir='ltr'><strong>spiritus</strong></span> <span class='ocrx_word' id='word_1_315' title='bbox 1010 4243 1208 4324; x_wconf 90' lang='lat' dir='ltr'><strong>copiatum</strong></span> <span class='ocrx_word' id='word_1_316' title='bbox 1221 4244 1377 4306; x_wconf 84' lang='lat' dir='ltr'><strong>maxime</strong></span> <span class='ocrx_word' id='word_1_317' title='bbox 1402 4245 1570 4320; x_wconf 88' lang='lat' dir='ltr'><strong>ostendit,</strong></span> 
     </span>
     <span class='ocr_line' id='line_1_37' title="bbox 338 4349 1572 4430; baseline 0.001 -16"><span class='ocrx_word' id='word_1_318' title='bbox 338 4369 420 4414; x_wconf 90' lang='lat' dir='ltr'><strong>cum</strong></span> <span class='ocrx_word' id='word_1_319' title='bbox 434 4352 597 4414; x_wconf 84' lang='lat' dir='ltr'><strong>visitatus</strong></span> <span class='ocrx_word' id='word_1_320' title='bbox 612 4368 633 4412; x_wconf 89' lang='lat' dir='ltr'><strong>a</strong></span> <span class='ocrx_word' id='word_1_321' title='bbox 648 4368 804 4414; x_wconf 88' lang='lat' dir='ltr'><strong>noverca</strong></span> <span class='ocrx_word' id='word_1_322' title='bbox 819 4359 854 4413; x_wconf 92' lang='lat' dir='ltr'><strong>et</strong></span> <span class='ocrx_word' id='word_1_323' title='bbox 868 4368 889 4413; x_wconf 89' lang='lat' dir='ltr'><strong>a</strong></span> <span class='ocrx_word' id='word_1_324' title='bbox 903 4367 1027 4413; x_wconf 89' lang='lat' dir='ltr'><strong>sorore</strong></span> <span class='ocrx_word' id='word_1_325' title='bbox 1044 4349 1188 4425; x_wconf 84' lang='lat' dir='ltr'><strong>(talibus</strong></span> <span class='ocrx_word' id='word_1_326' title='bbox 1202 4351 1296 4412; x_wconf 88' lang='lat' dir='ltr'><strong>enim</strong></span> <span class='ocrx_word' id='word_1_327' title='bbox 1311 4360 1345 4412; x_wconf 87' lang='lat' dir='ltr'><strong>ct</strong></span> <span class='ocrx_word' id='word_1_328' title='bbox 1360 4352 1572 4430; x_wconf 87' lang='lat' dir='ltr'><strong>parentibus</strong></span> 
     </span>
     <span class='ocr_line' id='line_1_38' title="bbox 337 4455 1571 4538; baseline 0.002 -18"><span class='ocrx_word' id='word_1_329' title='bbox 337 4458 552 4538; x_wconf 91' lang='lat' dir='ltr'><strong>permittitur</strong></span> <span class='ocrx_word' id='word_1_330' title='bbox 567 4467 604 4520; x_wconf 92' lang='lat' dir='ltr'><strong>ut</strong></span> <span class='ocrx_word' id='word_1_331' title='bbox 618 4457 655 4520; x_wconf 90' lang='lat' dir='ltr'><strong>iu</strong></span> <span class='ocrx_word' id='word_1_332' title='bbox 669 4475 749 4520; x_wconf 90' lang='lat' dir='ltr'><strong>eam</strong></span> <span class='ocrx_word' id='word_1_333' title='bbox 762 4456 905 4521; x_wconf 87' lang='lat' dir='ltr'><strong>domurn</strong></span> <span class='ocrx_word' id='word_1_334' title='bbox 929 4456 1067 4536; x_wconf 89' lang='lat' dir='ltr'><strong>ingredi</strong></span> <span class='ocrx_word' id='word_1_335' title='bbox 1081 4456 1232 4536; x_wconf 90' lang='lat' dir='ltr'><strong>possint,</strong></span> <span class='ocrx_word' id='word_1_336' title='bbox 1249 4455 1330 4519; x_wconf 87' lang='lat' dir='ltr'><strong>filiis</strong></span> <span class='ocrx_word' id='word_1_337' title='bbox 1353 4457 1398 4519; x_wconf 91' lang='lat' dir='ltr'><strong>ad</strong></span> <span class='ocrx_word' id='word_1_338' title='bbox 1418 4469 1571 4522; x_wconf 87' lang='lat' dir='ltr'><strong>mortem</strong></span> 
     </span>
    </p>
   </div>
   <div class='ocr_carea' id='block_1_3' title="bbox 379 4626 1025 4753">
    <p class='ocr_par' dir='ltr' id='par_1_5' title="bbox 379 4626 1025 4753">
     <span class='ocr_line' id='line_1_39' title="bbox 380 4626 794 4680; baseline -0.005 -10"><span class='ocrx_word' id='word_1_339' title='bbox 380 4627 388 4659; x_wconf 85' lang='lat'>¹</span> <span class='ocrx_word' id='word_1_340' title='bbox 418 4627 468 4680; x_wconf 90' lang='lat' dir='ltr'><strong>Sic;</strong></span> <span class='ocrx_word' id='word_1_341' title='bbox 479 4627 569 4670; x_wconf 85' lang='lat' dir='ltr'><strong>melius</strong></span> <span class='ocrx_word' id='word_1_342' title='bbox 579 4626 644 4669; x_wconf 88' lang='lat' dir='ltr'><strong>forte</strong></span> <span class='ocrx_word' id='word_1_343' title='bbox 657 4627 794 4670; x_wconf 76' lang='lat' dir='ltr'><strong>decedens.</strong></span> 
     </span>
     <span class='ocr_line' id='line_1_40' title="bbox 379 4696 1025 4753; baseline -0.002 -12"><span class='ocrx_word' id='word_1_344' title='bbox 379 4698 391 4730; x_wconf 86' lang='lat'><strong>¹</strong></span> <span class='ocrx_word' id='word_1_345' title='bbox 417 4698 528 4750; x_wconf 74' lang='lat' dir='ltr'><strong>‚loannes</strong></span> <span class='ocrx_word' id='word_1_346' title='bbox 540 4699 675 4750; x_wconf 81' lang='lat' dir='ltr'><strong>Antonius,</strong></span> <span class='ocrx_word' id='word_1_347' title='bbox 687 4710 717 4741; x_wconf 83' lang='lat' dir='ltr'><strong>ex</strong></span> <span class='ocrx_word' id='word_1_348' title='bbox 726 4699 812 4753; x_wconf 86' lang='lat' dir='ltr'><strong>patria</strong></span> <span class='ocrx_word' id='word_1_349' title='bbox 825 4696 908 4742; x_wconf 83' lang='lat' dir='ltr'><strong>dictus</strong></span> <span class='ocrx_word' id='word_1_350' title='bbox 917 4699 1025 4752; x_wconf 81' lang='lat' dir='ltr'><strong>Apulus.</strong></span> 
     </span>
    </p>
   </div>
   <div class='ocr_carea' id='block_1_4' title="bbox 0 0 1701 5524">
    <p class='ocr_par' dir='ltr' id='par_1_6' title="bbox 0 0 1701 5524">
     <span class='ocr_line' id='line_1_41' title="bbox 0 0 1701 5524; baseline 0 0"><span class='ocrx_word' id='word_1_351' title='bbox 0 0 1701 5524; x_wconf 95' lang='lat' dir='ltr'><strong> </strong></span> 
     </span>
    </p>
   </div>
  </div>
 </body>
</html>
