3400 5532
378 501 434 561 340
764 500 937 560 Lucanas
956 516 1225 570 ounnuiussraas

380 646 516 710 votioni
543 647 664 727 populi
688 656 808 727 posset
832 645 1010 725 satisfieri,
1038 647 1215 726 integram
1239 656 1380 709 noctem
1417 649 1609 728 mpendere

380 755 569 834 cupiebant
592 752 676 817 huic
699 753 841 834 pietatis
863 753 993 832 officio,
1021 763 1055 817 et
1075 753 1123 817 ad
1140 754 1177 817 id
1200 753 1403 818 facultatem
1427 755 1607 834 petebant,

380 879 470 941 quae
485 870 603 924 tamen
619 860 671 924 eis
686 877 855 924 concessa
869 878 942 923 non
956 859 1031 924 fuit.

439 966 549 1031 Moris
564 967 665 1030 estin
679 965 747 1030 hac
762 968 859 1046 urbe,
875 968 911 1030 in
925 967 1049 1032 ultima
1062 967 1357 1048 quadragesimae
1373 967 1604 1042 hebdomada,

379 1075 583 1138 meretrices
598 1075 635 1137 in
649 1075 765 1137 locum
780 1075 982 1154 quemdam,
1005 1059 1065 1137 ubi
1085 1074 1200 1139 Deum
1222 1085 1318 1138 certe
1336 1093 1378 1138 eo
1393 1084 1467 1138 tam
1483 1086 1608 1138 sancto

380 1191 538 1262 tempore
551 1198 624 1245 non
644 1180 839 1258 offendant,
863 1180 1057 1261 includere;
1074 1179 1278 1245 conceditur
1294 1190 1327 1244 et
1342 1181 1410 1244 illis
1425 1180 1606 1262 praedica-

379 1298 436 1352 tor
448 1298 486 1353 ut
496 1296 643 1352 conetur
658 1305 680 1350 a
693 1289 862 1368 peccatis,
876 1305 1115 1369 quascumque
1129 1289 1269 1369 poterit,
1286 1288 1467 1352 reducere.
1486 1287 1527 1352 In
1540 1288 1605 1350 hac

378 1411 466 1475 ergo
481 1396 595 1458 sancti
606 1392 761 1475 jubilaei,
780 1395 823 1457 ob
838 1411 1047 1475 prosperum
1062 1395 1211 1459 Concilii
1223 1411 1439 1472 successum,
1455 1397 1607 1476 promul·

378 1502 539 1582 gatione,
557 1503 594 1565 in
608 1503 725 1565 locum
739 1501 836 1566 illurn
851 1510 998 1565 coactae
1013 1511 1103 1566 sunt.
1121 1501 1165 1566 Et
1178 1501 1217 1564 P.
1234 1501 1367 1580 Mimo,
1390 1501 1504 1582 pridie
1520 1501 1604 1582 jubi-

378 1609 463 1687 laei,
480 1617 553 1671 tres
568 1609 725 1688 integras
740 1610 848 1672 horas
863 1608 931 1671 illis
954 1617 1009 1672 est
1029 1609 1270 1672 concionatus,
1292 1609 1398 1674 Dedit
1416 1609 1468 1672 illi
1489 1609 1606 1672 Domi-

379 1733 445 1779 nus
459 1724 596 1779 tantum
611 1714 763 1778 fervoris
779 1724 813 1777 et
827 1715 983 1794 gratiae,
999 1723 1038 1778 ut
1051 1715 1214 1778 undecim
1236 1733 1281 1779 ex
1300 1716 1368 1779 illis
1387 1715 1531 1778 Christo
1551 1733 1605 1778 ac-

379 1822 555 1903 quisierit;
571 1831 700 1903 etpost
715 1831 881 1902 quartum
899 1824 957 1885 vel
978 1823 1139 1902 quintum
1158 1822 1268 1901 diem,
1290 1824 1402 1885 altera
1422 1821 1604 1898 concione,

378 1930 484 1993 tn'um
498 1930 582 1993 item
596 1928 776 2008 horarum,
789 1939 941 2010 quatuor
956 1929 1045 1993 aliae
1061 1947 1082 1991 a
1097 1938 1244 2010 peccato
1259 1939 1450 1993 revocatae
1466 1937 1559 2003 sunt;
1574 1943 1605 1990 et

378 2036 446 2100 hae
468 2055 590 2100 omnes
610 2037 646 2100 in
671 2037 814 2100 domum
838 2017 1044 2117 quamdam,
1065 2037 1260 2100 incivitate
1279 2036 1468 2100 Valentiae
1486 2037 1606 2116 resipi-

377 2143 557 2208 scentibus
568 2144 807 2222 constitutam,
817 2144 989 2207 deductae
1001 2153 1095 2224 sunt,
1109 2161 1178 2223 quo
1186 2143 1390 2208 sacerdotes
1401 2143 1606 2223 aliquando,

377 2251 438 2332 qui
448 2251 579 2314 Missae
594 2250 806 2314 sacrificium
820 2252 997 2316 celebrent
1012 2260 1047 2313 et
1061 2252 1225 2331 spiritum
1240 2251 1398 2331 ipsarum
1411 2249 1559 2314 foveant
1574 2261 1604 2311 ct

377 2359 618 2436 consolentur,
645 2357 688 2420 de
712 2358 845 2421 nostris
869 2358 1064 2421 mittuntur.
1091 2357 1129 2421 P.
1156 2375 1243 2420 vero
1267 2357 1383 2420 Miron
1412 2375 1458 2420 ex
1483 2357 1605 2420 ultima

377 2465 549 2528 concione
563 2481 693 2528 raucus
712 2464 816 2526 valde
836 2464 952 2528 adhuc
972 2474 1106 2542 manet,
1127 2473 1166 2528 ut
1184 2464 1248 2528 vix
1266 2464 1363 2544 loqui
1382 2463 1506 2544 possit.
1528 2463 1607 2526 Duo

379 2572 437 2633 vel
461 2579 535 2633 tres
559 2570 628 2633 viri
652 2570 797 2649 nobiles
819 2571 879 2651 qui
896 2569 1038 2634 Patrem
1053 2570 1226 2634 Mironem
1245 2571 1403 2633 comitati
1423 2579 1508 2634 sunt
1527 2587 1604 2632 cum

288 2669 291 2674 ’
380 2677 516 2740 duobus
530 2677 712 2757 fratribus,
730 2677 933 2740 domesticis
948 2677 1164 2757 asserebant,
1181 2679 1212 2740 si
1231 2695 1252 2740 a
1268 2677 1380 2740 tribus
1393 2677 1558 2757 pessimis
1572 2688 1604 2738 et

281 2837 286 2846 .
379 2784 586 2850 inveteratis
599 2784 636 2846 in
650 2785 744 2846 malo
764 2783 927 2847 foeminis
948 2784 1077 2847 ibidem
1097 2784 1188 2847 aliae
1206 2801 1278 2847 non
1296 2783 1444 2846 fuissent
1462 2783 1602 2864 impedi-

377 2899 446 2966 tae,
462 2890 615 2953 mediam
630 2890 857 2953 meretricum
869 2899 1023 2970 partem,
1041 2907 1191 2970 quarum
1205 2891 1362 2952 maxima
1382 2898 1435 2953 est
1454 2890 1603 2954 multitu-

377 2996 441 3076 do,
456 2996 565 3060 fuisse
580 2994 866 3059 convertendam.
884 2996 1000 3060 Tanta
1013 2995 1079 3060 suit
1093 3013 1216 3060 earum
1231 2997 1431 3060 commotio.
1448 2996 1526 3059 Deo
1541 2996 1604 3058 soti

377 3105 491 3168 honor
505 3112 540 3166 et
554 3103 680 3182 gloria.

436 3211 486 3275 8?
500 3210 594 3291 Junii
613 3209 700 3272 1551.
