3400 5532
363 524 416 582 376
749 525 919 582 Lrirnnae
938 541 1208 592 Qunoaixssraas

362 668 531 733 scientiae
559 669 767 734 scrutationi
796 678 831 732 et
862 669 1015 732 orationi
1044 679 1227 732 vacantes,
1257 669 1427 750 Quidam,
1460 673 1593 734 mundo

362 775 503 838 omnino
518 776 652 853 relict0,
668 775 913 839 monachalem
928 776 994 838 sibi
1008 778 1190 855 elegerunt
1201 777 1324 854 vitam,
1341 795 1429 857 quos
1445 777 1591 857 quidem

361 883 393 945 si
407 883 508 945 nobis
520 883 594 962 jam
609 885 727 962 ampla
741 883 863 945 fuisset
878 883 1014 960 domuS,
1031 892 1171 946 constat
1186 883 1222 945 in
1236 881 1449 948 Societatem
1473 887 1592 964 potius

361 1008 467 1070 quam
486 990 523 1052 in
548 991 658 1052 ullum
677 991 785 1054 alium
805 989 963 1053 ordinem
984 989 1209 1068 ingressuros
1237 989 1355 1053 fuisse.
1381 989 1592 1071 Spiritualia

361 1098 530 1159 exercitia
545 1098 660 1160 fecere
682 1097 855 1176 nonnulli,
882 1097 987 1160 iidem
1011 1098 1307 1178 praestantissimi
1321 1100 1593 1179 acutissimique

361 1204 504 1282 ingenii:
520 1205 621 1267 multi
634 1203 880 1267 vacationibus
896 1203 950 1266 his
965 1204 1088 1267 eadem
1102 1204 1220 1267 facere
1235 1205 1369 1268 sitiunt.

420 1310 650 1390 Presbyteros
665 1322 738 1375 tres
753 1311 789 1374 in
803 1310 1018 1374 Societatem
1028 1311 1236 1392 recepimus
1251 1329 1401 1392 quorum
1413 1313 1483 1376 duo
1496 1315 1591 1375 theo-

361 1417 464 1497 logici
481 1419 588 1480 studii
603 1417 708 1480 finem
722 1419 886 1496 attigere;
905 1419 1030 1481 tertius
1044 1436 1108 1498 per
1123 1419 1229 1482 trium
1244 1437 1417 1482 annorum
1433 1421 1592 1482 curricu-

360 1524 431 1587 lum
445 1525 479 1586 ei
493 1524 639 1587 navavit
656 1541 816 1604 operam;
833 1543 878 1587 ex
893 1523 1020 1606 quibus
1034 1525 1103 1588 duo
1115 1523 1352 1588 salmanticae
1364 1523 1438 1604 jam
1452 1527 1593 1605 publice

359 1632 672 1694 concionabantur.
702 1631 802 1694 Multi
828 1633 889 1695 alii
911 1632 1072 1695 doctrina
1090 1632 1250 1711 insignes
1269 1632 1349 1710 viri,
1372 1651 1453 1695 cum
1479 1635 1593 1696 divini

359 1739 491 1801 amoris
512 1739 712 1801 certissimo·
726 1737 845 1818 jaculo
867 1739 937 1801 sint
957 1738 1145 1817 vulnerati,
1166 1738 1331 1802 addicere
1357 1757 1395 1802 se
1419 1737 1591 1802 Societati

358 1862 430 1907 non
460 1862 586 1924 parum
616 1855 796 1925 exoptant.
826 1845 1100 1908 Versutissimus
1128 1854 1247 1908 tamen
1275 1846 1332 1909 ille
1360 1863 1402 1908 ac
1429 1847 1591 1909 lubricus

358 1952 495 2030 anguiS,
517 1953 652 2032 primus
672 1953 771 2031 pacis
790 1961 934 2015 nostrae
954 1953 1132 2030 inimicus
1157 1970 1229 2015 non
1250 1953 1377 2016 desinit
1403 1954 1590 2016 obstacula

355 2059 476 2121 nescio
492 2077 582 2139 quae
603 2059 771 2139 objicere;
793 2059 890 2122 Deus
910 2068 1028 2122 tamen
1049 2059 1209 2140 Optimus
1229 2061 1419 2138 Maximus,
1442 2063 1502 2140 qui
1525 2063 1591 2123 hos

356 2165 532 2229 adducere
547 2168 714 2246 dignatus
729 2175 793 2245 est,
809 2167 965 2247 reliquos
979 2167 1086 2229 etiam
1102 2167 1247 2230 adferet.

417 2273 573 2336 Veniunt
588 2273 708 2336 itidem
723 2274 880 2336 nonnulli
895 2282 934 2337 ut
948 2290 1029 2336 cum
1048 2271 1211 2336 Patribus
1227 2273 1270 2335 de
1291 2273 1396 2337 rebus
1414 2275 1483 2353 piis
1505 2293 1588 2336 san-

356 2381 491 2460 ctisque
505 2379 694 2442 familiaria
711 2380 864 2442 excitent
884 2380 1073 2460 colloquia;
1090 2381 1151 2460 qui
1166 2397 1287 2442 omnes
1302 2379 1375 2443 fere
1389 2381 1588 2443 maximam

356 2487 437 2550 inde
465 2496 647 2567 reportant
676 2487 871 2550 utilitatem.
900 2487 1083 2550 Vocamur
1107 2496 1292 2567 praeterea
1318 2488 1443 2550 crebro
1474 2497 1513 2550 ut
1538 2489 1585 2549 ad

356 2595 544 2658 coelestem
559 2595 654 2658 illam
669 2595 822 2674 patriam
837 2597 1064 2673 pervolantes
1079 2594 1297 2675 adjuvemus.
1310 2594 1384 2658 Nec
1396 2596 1511 2657 solum
1523 2596 1585 2674 qui

355 2701 390 2764 id
404 2718 516 2780 genus
530 2702 673 2781 pietatis
688 2710 855 2764 exercent
871 2701 1035 2765 morienti
1050 2719 1153 2780 opem
1167 2701 1296 2780 ferunt,
1309 2718 1434 2764 verum
1446 2710 1480 2764 et
1497 2702 1583 2764 inei·

353 2807 457 2871 dente
477 2810 664 2872 occasione
684 2809 955 2872 circumstantes
974 2818 1116 2872 monent
1136 2827 1178 2871 ac
1200 2809 1387 2872 hortantur
1413 2817 1450 2871 ut
1481 2809 1518 2871 in
1549 2810 1586 2871 id

352 2917 488 2996 seipsos
506 2925 632 2995 parent
655 2917 835 2995 temporis,
858 2915 1111 2980 conscientiam
1132 2916 1176 2978 ab
1200 2915 1295 2979 omni
1316 2915 1486 2979 vitiorum
1503 2917 1585 2978 labe

352 3024 577 3102 mundantes;
594 3032 632 3086 ut
651 3041 764 3102 nuper
779 3023 926 3102 accidit,
949 3040 1030 3085 cum
1052 3023 1195 3104 quidam
1215 3023 1342 3086 nobilis
1361 3041 1405 3085 ex
1428 3025 1584 3102 proceri-

352 3128 417 3191 bus
431 3131 598 3208 civitatis,
615 3129 785 3211 proximis
805 3129 939 3208 diebuS,
957 3140 1010 3192 ter
1031 3133 1090 3194 vel
1103 3139 1228 3211 quater
1248 3129 1293 3192 ad
1313 3130 1434 3193 ultima
1456 3147 1583 3210 perve-

350 3237 471 3299 nisset.
485 3237 523 3299 P.
540 3239 633 3300 enim
650 3236 786 3300 Doctor
799 3237 806 3268 ¹
820 3239 1015 3301 accersitus
1032 3256 1073 3300 eo
1091 3255 1129 3299 se
1141 3237 1298 3314 contulit,
1308 3237 1409 3316 eique
1422 3237 1581 3300 animum

351 3354 389 3406 ut
408 3353 550 3407 strenue
577 3354 752 3425 pugnaret
773 3347 945 3408 adversus
967 3345 1097 3408 diaboli
1118 3345 1331 3407 tentationes
1358 3353 1509 3407 conatus
1529 3355 1584 3406 est

352 3451 492 3526 addere,
511 3469 610 3514 acea
627 3452 702 3530 ipsa
719 3452 786 3528 die,
803 3461 879 3532 qua·
893 3453 1047 3515 animam
1068 3451 1259 3529 exhalavit,
1282 3450 1393 3513 adfuit
1412 3467 1494 3513 cum
1511 3453 1584 3513 alio

350 3557 460 3620 fratre
474 3568 607 3621 nostro.
626 3558 785 3621 Aderant
800 3567 834 3621 et
849 3558 983 3620 nobiles
998 3559 1155 3638 plerique
1167 3566 1201 3621 et
1212 3558 1401 3620 multorum
1417 3557 1583 3620 ordinum

352 3664 532 3744 monachi,
556 3665 625 3744 qui,
649 3683 728 3729 cum
753 3666 925 3729 admoniti
950 3666 993 3727 ab
1013 3665 1093 3727 aliis
1117 3682 1138 3727 a
1163 3681 1327 3727 sermone
1348 3664 1581 3742 destitissent,

351 3781 434 3834 tunc
444 3783 545 3852 pater
554 3771 699 3851 Doctor,
713 3772 823 3835 divini
834 3773 967 3835 amoris
976 3773 1057 3852 igne
1066 3773 1233 3851 flagrans
1243 3771 1450 3834 morientem
1463 3773 1582 3852 coepit

352 3878 544 3959 cohortari,
568 3897 710 3942 monere
736 3879 894 3958 subinde,
921 3878 1112 3942 vociferari
1137 3878 1183 3941 ad
1203 3895 1335 3956 aurem,
1363 3877 1582 3941 christianae

352 3983 431 4048 fidei
447 3986 614 4049 articulos
630 3988 701 4048 alta
716 4003 807 4049 voce
822 3985 992 4065 proferre,
1009 4003 1109 4048 arma
1130 3984 1303 4047 adversus
1325 3983 1429 4062 ignea
1450 3985 1583 4048 diaboli

352 4094 421 4156 tela
439 4094 621 4173 praebere,
648 4110 741 4156 nunc
766 4094 929 4156 <levitae
955 4093 1153 4172 privatione
1179 4102 1364 4172 aegrotum
1388 4093 1579 4168 consolari,

350 4216 444 4262 nunc
459 4200 730 4263 circumstantes
744 4202 834 4263 illius
846 4200 1014 4280 temporis
1026 4208 1123 4262 tanto
1136 4199 1292 4279 periculo
1309 4209 1454 4278 terrere;
1468 4207 1580 4262 tanto—

351 4322 418 4385 que
439 4307 513 4386 ipse
533 4307 660 4369 ardore
680 4308 937 4387 corripiebatur
951 4315 989 4369 ut
1003 4324 1067 4386 per
1081 4307 1235 4387 quinque
1251 4305 1438 4368 continuas
1459 4305 1579 4378 horas,

350 4429 422 4474 non
438 4412 513 4474 sine
529 4414 684 4476 maxima
699 4414 937 4493 praesentium
953 4413 1197 4490 admiratione,
1215 4413 1263 4475 ita
1278 4413 1482 4475 vociferans
1506 4431 1581 4493 per·

351 4519 536 4598 manserit,
551 4530 588 4582 ut
603 4520 721 4582 multis
737 4529 817 4600 post
833 4518 957 4582 diebus
972 4520 1162 4583 raucedine
1177 4527 1350 4598 gravatus
1366 4519 1485 4582 fuerit.

342 4783 347 4792 ·
393 4762 401 4793 ¹
430 4759 539 4804 michael
550 4761 580 4802 de
592 4759 693 4804 Torres.
