3390 5536
373 463 426 520 500
551 451 565 476 ”
755 461 1214 529 L1rrenneoolnn1nesrnns

373 620 407 671 ot
422 617 566 670 tornare
582 627 603 670 a
623 608 805 672 ricordare
825 625 846 670 a
865 608 970 688 quelli
990 608 1046 670 del
1064 609 1193 688 popolo
1216 609 1335 672 alcuni
1355 609 1463 674 buoni
1487 611 1592 674 ordini

373 715 438 778 che
459 713 504 777 V.
529 714 571 778 R.
598 715 725 793 rasolo,
747 713 888 794 qnando
907 731 1023 777 venne
1042 717 1118 793 qul;
1143 714 1207 777 che
1233 732 1306 778 non
1330 725 1470 779 ostante
1496 719 1592 797 quelli

371 821 475 903 primi
491 822 619 885 annisi
641 822 867 900 guardarono
886 822 994 884 molto
1014 821 1119 900 bene,
1140 820 1268 884 adesso
1290 840 1358 886 con
1381 824 1406 886 il
1424 832 1544 904 tempo
1567 827 1591 887 si

370 930 561 993 andavano
576 928 769 992 lasciando.

429 1037 531 1100 Altro
546 1052 617 1098 non
633 1038 663 1098 c'
680 1041 699 1098 e
714 1033 758 1098 da
774 1035 849 1099 dire
864 1051 902 1098 se
916 1053 989 1098 non
1003 1036 1069 1098 che
1083 1035 1162 1099 tutti
1178 1036 1306 1099 stiamo
1323 1038 1432 1100 molto
1453 1038 1542 1102 bene
1562 1048 1591 1101 et

369 1144 542 1207 consolati
556 1161 619 1224 per
633 1145 667 1205 13
681 1143 790 1205 bonta
803 1141 840 1204 di
853 1142 923 1205 Dio
938 1142 995 1206 del
1004 1141 1114 1206 frutto
1129 1143 1195 1205 che
1209 1145 1270 1222 qul
1290 1143 1320 1206 si
1342 1145 1553 1208 commincia
1572 1163 1591 1207 3

368 1250 443 1313 iare
458 1251 494 1313 in
509 1259 632 1330 questa
646 1249 844 1329 provincia;
857 1247 987 1330 perche
1001 1265 1073 1312 non
1087 1250 1283 1313 solamente
1297 1249 1334 1312 in
1346 1249 1522 1330 Vergem,
1537 1269 1589 1314 ma

367 1358 402 1420 in
417 1357 596 1436 Azpeitia‚
613 1356 643 1418 si
658 1355 775 1418 hanno
791 1356 1049 1418 communicate
1069 1354 1130 1418 250
1149 1373 1316 1436 persone,
1340 1363 1374 1419 et
1398 1357 1435 1420 in
1457 1356 1590 1437 Ognate

367 1463 465 1527 molti
480 1471 514 1526 et
530 1462 566 1525 in
581 1462 804 1541 Mondragon
817 1461 927 1538 assai;
945 1478 1030 1525 cosa
1044 1463 1154 1525 molto
1168 1479 1287 1525 nuova
1301 1463 1337 1526 in
1352 1471 1474 1545 queste
1489 1472 1588 1543 terre

366 1578 400 1633 et
415 1572 490 1631 cosl
504 1567 699 1631 vedendosi
715 1568 738 1630 11
753 1567 862 1632 srutto
878 1567 980 1648 quasi
999 1567 1045 1630 da
1066 1568 1162 1648 tutti,
1188 1569 1212 1630 il
1230 1566 1305 1631 Sre.
1329 1567 1538 1649 Inquisitore
1558 1582 1589 1633 et

367 1675 512 1738 Vicario
528 1675 674 1738 insieme
690 1674 857 1754 vogliono
871 1673 947 1739 iare
962 1675 1050 1737 certi
1062 1673 1172 1754 editti,
1185 1675 1399 1739 notificando
1414 1678 1450 1740 31
1463 1679 1588 1760 populo

367 1783 388 1845 11
404 1779 541 1862 grande
556 1781 702 1846 servitio
713 1782 779 1844 che
789 1780 898 1844 fanno
914 1779 1016 1844 aDio
1031 1783 1124 1844 nella
1135 1783 1195 1844 via
1211 1782 1424 1846 cominciata
1435 1792 1470 1846 et
1482 1801 1589 1847 essor-

367 1888 503 1952 tandoli
518 1890 584 1952 che
598 1886 731 1951 vadino
746 1887 880 1966 inanzi,
897 1905 960 1969 per
975 1904 1093 1951 essere
1108 1905 1178 1951 uno
1194 1888 1275 1952 delli
1296 1890 1473 1970 maggiori
1492 1891 1589 1954 rime·

364 1995 413 2058 dii
426 1995 462 2058 di
477 2005 599 2058 nostra
620 1995 829 2058 salvatione.
850 1993 878 2058 11
897 1993 1048 2074 Signore
1063 1994 1114 2058 sia
1135 1995 1267 2059 servito
1287 1996 1365 2075 che,
1381 1998 1458 2060 loro
1476 1996 1588 2060 facen-

362 2101 443 2165 dolo
457 2111 492 2165 et
506 2102 566 2166 noi
580 2101 776 2180 dicendolo,
793 2101 965 2163 salviamo
977 2103 1009 2163 le
1025 2100 1140 2164 anime
1154 2111 1285 2165 nostre.
1303 2101 1430 2166 Amen.

421 2209 470 2272 Di
482 2208 619 2289 Loyola
635 2208 694 2271 alli
707 2206 728 2270 8
742 2207 777 2270 di
793 2207 960 2270 Gennaro
975 2207 1019 2270 de
1036 2207 1123 2270 1552.

420 2314 468 2377 Di
483 2314 528 2380 V.
546 2313 587 2377 R.
604 2313 763 2393 figliuolo
777 2313 935 2390 minimo,

1049 2527 1214 2592 Mrcnnnn
1236 2529 1427 2594 Nnvnnno.

417 2849 468 2912 La
484 2850 690 2930 sopradetta
705 2848 890 2911 domenica
905 2848 1074 2928 predicho
1094 2850 1130 2911 in
1149 2847 1311 2929 Azpeitia
1330 2867 1437 2931 sopra
1458 2853 1583 2932 quello:

357 2956 419 3016 ubi
443 2962 498 3018 est
526 2956 590 3036 qui
614 2961 724 3019 natus
757 2961 811 3018 est
839 2955 925 3018 Rex
953 2955 1209 3035 ludaeorum?
1248 2955 1407 3019 Videmus
1442 2957 1585 3021 stellam

355 3063 455 3142 ejus,
470 3072 554 3142 etc.;
571 3063 608 3126 su
622 3079 694 3126 una
708 3062 853 3144 predica
867 3063 932 3125 che
947 3062 981 3125 io
997 3063 1068 3125 mai
1088 3062 1124 3125 in
1142 3063 1213 3125 mia
1234 3062 1309 3125 vita
1328 3079 1400 3126 non
1422 3065 1469 3126 ho
1487 3065 1588 3128 ndito

356 3170 533 3249 migliore,
551 3173 626 3232 cosi
642 3169 677 3231 in
692 3169 847 3232 dottrina
862 3185 961 3231 come
977 3169 1013 3232 in
1027 3168 1136 3231 srutto
1149 3185 1213 3250 per
1232 3169 1264 3230 le
1284 3169 1413 3234 anime.
1434 3169 1587 3234 Haveva

355 3278 464 3340 molta
478 3286 584 3356 gente
599 3286 633 3339 et
648 3275 748 3340 molti
767 3275 955 3355 principali
969 3275 1061 3338 della
1075 3275 1277 3354 provincia,
1295 3275 1360 3340 che
1379 3295 1589 3341 vennerono

355 3401 418 3463 per
433 3392 528 3446 certe
543 3398 667 3461 nozze;
683 3391 867 3445 restarono
882 3391 981 3445 tanto
1001 3381 1179 3444 ammirati
1198 3392 1232 3446 et
1252 3385 1406 3446 contenti
1428 3385 1492 3446 che
1515 3401 1589 3447 non

356 3491 475 3569 saprei
491 3490 715 3554 dichiararlo.

415 3596 521 3676 Dipoi
536 3597 719 3676 mangiarc
735 3597 765 3659 si
778 3599 872 3678 parti
892 3596 915 3659 il
934 3595 972 3658 P.
989 3614 1052 3676 per
1072 3596 1246 3676 Azcoitia,
1262 3595 1355 3660 dove
1374 3597 1466 3676 fece,
1487 3597 1588 3662 finito

354 3705 375 3765 l'
399 3701 517 3766 ufficio
539 3702 575 3766 di
600 3720 745 3784 vespr0,
769 3705 861 3766 altra
881 3702 1051 3783 predicha
1069 3720 1176 3783 sopra
1199 3703 1312 3784 quelle
1334 3705 1476 3783 parole3
1497 3703 1588 3780 Fili,

353 3810 441 3890 quid
447 3809 578 3888 fecesti
589 3809 690 3872 noris
704 3810 781 3872 sic?
796 3808 840 3873 Se
855 3811 890 3872 la
904 3807 1048 3889 predica
1069 3809 1161 3872 della
1179 3809 1329 3873 martina
1348 3809 1387 3873 iu
1409 3810 1527 3874 buona
1552 3821 1588 3872 et

352 3917 451 3995 utile,
469 3919 584 3996 quella
601 3916 691 3980 della
707 3934 785 3979 sera
802 3917 838 3980 iu
853 3917 922 3980 tale
938 3916 1004 3979 che
1017 3933 1089 3980 non
1108 3919 1142 3980 13
1164 3917 1282 3998 saprei
1301 3917 1459 3980 stimate.
1481 3917 1524 3981 N.
1549 3916 1587 3980 S.

352 4041 461 4102 penso
478 4024 543 4086 che
558 4025 666 4086 molto
681 4023 718 4086 fu
733 4024 866 4086 servito
882 4026 962 4104 quel
976 4025 1027 4100 di,
1044 4023 1178 4086 benche
1193 4024 1224 4086 si
1239 4024 1327 4087 duro
1347 4026 1457 4088 molta
1476 4024 1589 4087 satica

352 4147 414 4208 per
429 4132 464 4192 la
479 4131 539 4192 via
553 4130 589 4194 di
604 4129 766 4194 Azcoitia
782 4131 818 4193 in
832 4131 878 4208 13,
894 4131 1024 4210 perche
1039 4131 1209 4211 pioveva:
1225 4131 1360 4211 impero
1380 4131 1418 4195 su
1434 4140 1537 4196 tanta
1553 4134 1589 4194 13

351 4237 650 4316 importunatione
672 4237 707 4300 di
727 4239 843 4316 quella
862 4248 983 4315 gente,
1005 4237 1070 4300 che
1091 4255 1163 4300 non
1184 4237 1214 4300 si
1235 4245 1369 4318 potette
1390 4237 1467 4301 sare
1489 4240 1587 4302 altra

351 4359 452 4422 cosa;
478 4343 608 4422 perche
629 4361 730 4406 come
751 4344 774 4407 li
797 4344 873 4406 fece
893 4361 941 4407 un
961 4345 1255 4424 raggionamento
1276 4345 1346 4408 3113
1364 4354 1496 4408 venuta
1519 4363 1590 4425 per

348 4449 484 4528 Loyola
496 4465 601 4529 sopra
614 4451 729 4529 quello
740 4450 936 4529 Evangelio
947 4454 981 4513 et
991 4449 1216 4529 precellentes
1226 4451 1475 4514 adoraverunt
1486 4469 1588 4530 eum,

348 4563 533 4617 restarono
546 4566 643 4618 tanto
655 4556 763 4618 mossi
775 4557 882 4635 quelli¹
891 4554 948 4619 del
957 4559 1097 4638 popolo,
1111 4556 1177 4620 che
1189 4575 1393 4630 vennerono
1408 4575 1429 4621 a
1441 4557 1589 4638 Loyola

345 4661 431 4724 duoi
446 4659 630 4724 Sacerdoti
646 4664 753 4726 molto
774 4662 939 4729 honorati
954 4663 1000 4726 da
1018 4674 1120 4744 parte
1134 4663 1191 4727 del
1205 4666 1333 4745 popolo
1351 4683 1373 4728 a
1388 4681 1546 4746 pregare
1563 4665 1590 4729 il
