3400 5524
365 469 418 534 ,¹95
748 468 920 527 Lucanas
943 483 1213 536 ouannrnesrnus

426 612 528 693 Quod
550 613 594 676 ad
615 613 855 676 confessiones
875 613 1012 692 attinet,
1036 613 1170 676 diversi
1184 613 1324 694 quidem
1345 630 1410 694 pro
1432 621 1584 694 tempore

366 730 439 784 tum
455 720 616 801 magistri
631 731 705 784 tum
717 720 919 784 sacerdotes
934 720 1039 784 etalii
1054 713 1234 785 studentes
1246 719 1433 801 accedunt,
1447 721 1509 785 sed
1520 739 1582 784 non

365 828 414 891 ita
430 826 636 890 continuant
651 837 688 890 ut
702 843 769 907 ego
784 826 1041 904 desiderarem3
1057 837 1091 889 et
1106 828 1195 890 tales
1210 836 1292 890 sunt
1302 827 1445 891 circiter
1461 828 1580 892 duode-

365 935 435 998 cim
449 943 509 996 aut
524 933 734 1014 quindecim.
757 932 943 1014 Reliquam
958 942 1095 1014 partem
1110 933 1352 998 confitentium
1367 933 1512 1016 implent
1527 936 1580 998 lai·
1685 955 1686 998 1

364 1041 412 1120 ci,
430 1050 464 1104 et
477 1041 666 1121 praecipue
688 1040 852 1104 mulieres
868 1038 1095 1120 conjugatae,
1112 1041 1271 1121 virgines
1291 1050 1325 1103 et
1344 1041 1485 1119 viduae,
1509 1059 1582 1104 cum

364 1148 436 1210 suis
450 1147 594 1211 familiis
608 1156 643 1211 et
656 1148 824 1229 prolibus.
1038 1212 1041 1220 ,

424 1253 574 1318 Pacifice
590 1254 778 1318 admodum
789 1255 846 1318 hic
859 1255 1030 1333 vivimus;
1047 1254 1211 1335 obloquia
1225 1272 1358 1336 pauca,
1372 1255 1478 1319 immo
1493 1259 1584 1320 nulla
1685 1235 1686 1242 ἵ

363 1361 430 1424 nisi
449 1379 471 1424 a
491 1363 638 1426 multum
662 1363 852 1441 perversis.
880 1361 927 1426 Ut
946 1372 1064 1426 autem
1088 1363 1271 1426 studentes
1291 1361 1431 1426 Christo
1457 1364 1584 1427 lucrari

363 1469 509 1548 possint,
527 1469 641 1533 fateor
655 1468 794 1550 quidem
808 1486 924 1532 meam
938 1469 1202 1549 negligentiam.
1217 1469 1385 1532 Attamen
1398 1469 1583 1558 plurimum

362 1576 398 1638 in
421 1575 574 1640 Domino
599 1593 781 1658 cuperem:
807 1585 842 1640 et
863 1577 947 1640 dum
972 1594 1033 1640 eos
1054 1575 1214 1640 confiteri
1238 1578 1330 1640 velle
1356 1577 1473 1656 video,
1502 1595 1583 1658 prae

362 1685 524 1748 omnibus
547 1685 626 1748 illos
648 1683 806 1762 admitto,
829 1692 864 1747 et
882 1693 921 1747 ut
941 1683 1049 1747 libere
1068 1682 1211 1747 domum
1231 1693 1390 1748 nostram
1411 1685 1583 1748 accedant

361 1791 484 1854 hortor
495 1792 531 1854 in
542 1789 706 1869 Domino;
720 1791 781 1854 sed
792 1790 876 1871 quid
887 1790 1018 1854 dicam?
1028 1789 1183 1853 Panibus
1195 1789 1387 1870 abundant,
1402 1801 1436 1854 et
1449 1791 1584 1854 utinam

360 1896 538 1962 abundent
553 1906 588 1961 et
602 1898 690 1960 bene
704 1897 903 1960 masticent.

420 2002 507 2068 Sunt
521 2004 579 2067 hic
594 2003 745 2068 Lovanii
763 2003 896 2067 diversi
915 2003 1072 2082 insignes
1087 2003 1155 2066 viri
1170 2013 1205 2066 et
1220 2003 1378 2084 religiosi
1392 2003 1463 2084 qui,
1484 2007 1585 2086 quasi

359 2128 429 2174 uno
444 2111 571 2192 spiritu
585 2118 620 2174 et
640 2109 813 2190 certatim,
830 2109 994 2173 videntur
1009 2126 1074 2190 pro
1089 2110 1143 2172 sui
1164 2109 1436 2176 mortificatione
1456 2119 1492 2173 et
1513 2112 1588 2174 ani-

357 2234 497 2281 marum
516 2217 627 2280 salute
646 2218 819 2296 laborare,
840 2216 945 2297 idque
965 2215 1103 2296 publice
1118 2226 1153 2279 et
1171 2216 1350 2296 privatim,
1373 2215 1535 2280 docendo
1550 2227 1585 2280 et

358 2322 602 2388 concionando
621 2323 823 2403 germanice
846 2333 881 2386 et
905 2324 1024 2388 latine.
1047 2320 1100 2386 Sit
1120 2321 1296 2386 Dominus
1318 2323 1527 2388 benedictus
1549 2335 1582 2387 et

358 2431 416 2494 det
431 2431 499 2504 illis
513 2431 740 2512 multiplicem
754 2429 920 2494 fructum.
935 2427 981 2493 Et
995 2438 1034 2494 ut
1048 2429 1156 2493 libere
1169 2429 1285 2492 dicam
1300 2429 1394 2511 quod
1405 2432 1587 2512 experior,

357 2538 471 2600 solum
485 2554 614 2602 nomen
632 2545 775 2600 nostrae
794 2533 983 2600 Societatis
1003 2552 1075 2598 non
1095 2551 1220 2615 parum
1241 2552 1302 2598 eos
1324 2534 1369 2600 ad
1389 2536 1459 2599 ista
1479 2538 1584 2600 exsti-

357 2645 477 2722 mulat;
494 2661 558 2708 sua
572 2643 787 2708 enimmedia
798 2642 903 2706 habet
914 2640 1088 2707 Dominus
1098 2640 1201 2723 Jesus
1211 2657 1274 2722 per
1286 2659 1377 2722 quae
1389 2659 1474 2706 suos
1490 2645 1584 2706 exci-

356 2761 433 2813 tare
447 2751 543 2815 velit.
560 2750 651 2814 Nam
665 2760 747 2814 ante
767 2750 958 2814 adventum
972 2747 1160 2813 Societatis
1180 2749 1297 2812 nullus
1318 2750 1453 2813 solebat
1476 2751 1589 2814 latine

356 2857 570 2921 concionari.
583 2856 685 2920 Hanc
698 2858 742 2920 ob
754 2873 901 2922 causam
910 2857 1000 2920 solet
1012 2855 1069 2919 hic
1078 2856 1134 2918 vir
1144 2854 1288 2935 quidam
1299 2871 1454 2935 magnae
1467 2869 1595 2922 aucto--

354 2965 480 3044 sitatis,
497 2965 618 3028 nescio
633 2981 679 3027 an
696 2963 784 3028 satis
798 2964 1066 3044 circumspecte,
1089 2962 1225 3034 dicere:
1243 2962 1284 3041 si,
1302 2962 1430 3044 inquit,
1451 2981 1510 3028 me
1525 2961 1589 3027 So·

354 3071 474 3136 cietati
489 3069 681 3150 adjungere
701 3080 735 3134 et
750 3068 791 3134 R.
808 3068 846 3134 P.
869 3070 1046 3149 Ignatium
1067 3069 1258 3132 convenire
1281 3069 1413 3150 liceret,
1435 3087 1594 3136 conarer

354 3177 421 3257 ipsi
444 3177 659 3257 persuadere
685 3194 730 3239 ne
750 3176 807 3240 hic
828 3175 1016 3256 collegium
1036 3173 1224 3238 Societatis
1247 3175 1340 3239 serio
1363 3174 1591 3254 fundaretur,

352 3282 414 3351 sed
429 3284 556 3348 vellem
575 3282 745 3363 reliquias
767 3282 940 3364 quasdam
954 3298 1111 3356 manere,
1134 3297 1225 3360 quae
1242 3282 1333 3344 alios
1354 3283 1539 3347 attrahere
1554 3295 1591 3346 et

353 3390 531 3472 suscipere
545 3399 700 3472 possent,
717 3399 754 3453 ut
773 3398 950 3452 nostrates
965 3387 1138 3468 praedicti
1159 3388 1396 3464 intelligentes
1417 3405 1472 3469 ea,
1494 3407 1590 3471 quae

353 3498 388 3560 in
403 3497 482 3560 aliis
495 3497 654 3579 partibus
668 3513 732 3578 per
745 3494 960 3560 Societatem
981 3494 1078 3575 fiunt,
1096 3494 1132 3557 in
1148 3493 1263 3558 officio
1283 3495 1537 3560 contineantur
1553 3507 1589 3559 et

352 3621 491 3684 semper
506 3604 553 3668 ad
566 3604 693 3668 altiora
706 3603 913 3668 excitentur.
928 3600 1027 3666 Haec
1040 3602 1108 3666 ille.
1123 3601 1216 3680 Quid
1225 3601 1335 3689 refert
1346 3620 1409 3683 per
1420 3620 1513 3684 quos
1526 3606 1590 3666 vel

351 3710 478 3789 quibus
492 3709 636 3774 mediis?
650 3709 824 3774 Dominus
839 3708 931 3772 enim
946 3718 999 3788 est
1014 3709 1073 3788 qui
1088 3717 1256 3788 operatur
1271 3708 1389 3772 omnia
1411 3708 1447 3772 in
1471 3710 1590 3773 omni·

351 3817 417 3880 bus
433 3824 540 3896 prout
553 3817 639 3880 vult.
656 3813 707 3879 Sit
723 3815 797 3896 ipse
811 3815 848 3877 in
862 3814 1024 3878 omnibus
1037 3814 1254 3878 benedictus.

411 3923 465 3986 De
483 3921 539 3985 his
557 3921 677 4004 itaque
697 3922 784 3985 satis
805 3920 938 3985 dictum
960 3931 1063 4002 puto;
1086 3921 1221 3986 utinam
1245 3931 1365 3986 autem
1384 3930 1459 3986 tarn
1480 3923 1591 3985 clare

351 4028 491 4108 singula
506 4037 540 4090 et
555 4036 635 4108 apte
647 4043 787 4107 possem
801 4027 981 4108 explicare
994 4026 1099 4090 sicuti
1118 4028 1206 4091 bene
1221 4029 1365 4092 velleml

352 4199 357 4218 ,
411 4133 514 4214 Quod
540 4133 585 4196 ad
606 4131 795 4198 mittendos
816 4131 947 4196 iratres
967 4133 1104 4212 attinet,
1129 4134 1308 4198 humiliter
1334 4135 1602 4216 supplicamus

350 4239 388 4305 P.
405 4240 450 4304 V.
466 4248 505 4304 ut
517 4257 579 4304 eos
593 4239 731 4304 mittere
746 4239 910 4320 dignetur
924 4257 1005 4304 cum
1019 4255 1090 4304 uno
1102 4240 1149 4304 ad
1164 4241 1280 4304 minus
1294 4241 1494 4322 sacerdote,
1521 4243 1595 4320 qui

350 4347 386 4410 in
400 4345 542 4410 Domini
557 4347 663 4410 vinea
678 4363 759 4410 cum
774 4346 885 4428 ipsius
899 4343 1072 4425 adjutorio
1091 4346 1256 4410 laborare
1274 4347 1397 4428 possit,
1421 4347 1597 4415 maxime

350 4453 444 4533 apud
458 4454 603 4518 clerum.

409 4557 549 4640 incoepi
579 4558 623 4622 ab
651 4576 722 4623 uno
747 4558 802 4622 die
824 4568 884 4623 aut
912 4560 1025 4624 altero
1051 4556 1136 4622 dare
1161 4561 1333 4626 exercitia
1353 4561 1502 4628 cumam
1522 4560 1596 4624 Li-

351 4667 504 4730 centiato
530 4665 712 4745 theologo,
738 4663 874 4728 decano
898 4664 1078 4728 facultatis
1103 4666 1233 4731 artium
1257 4676 1292 4731 et
1315 4665 1358 4731 R.
1385 4668 1424 4732 P.
1447 4666 1601 4732 Danie-
