3400 5532
725 531 896 590 Liri-ania
916 548 1185 598 ouaoatuastnas

833 1212 1061 1300 LXXXIV

394 1555 429 1614 P.
445 1556 689 1616 Maximilianus
705 1557 863 1632 Chapeile

431 1654 521 1714 Patri
533 1653 661 1744 ignatio
676 1653 717 1714 de
731 1654 870 1729 Loyola.

464 1749 676 1824 Salmantica,
690 1753 710 1812 3
722 1753 815 1828 Maji,
832 1753 897 1811 1551
914 1753 933 1808 ¹.

914 2015 989 2132 nis

402 2281 603 2346 Admodum
616 2279 825 2345 Reverende
840 2281 876 2345 in
891 2281 1031 2346 Christo
1047 2279 1163 2345 Pater.

399 2386 523 2451 Gratia
544 2396 579 2451 et
597 2405 670 2468 pax
689 2387 834 2451 Domini
851 2388 966 2451 nostri
983 2388 1067 2471 Jesu
1091 2385 1223 2452 Christi
1241 2397 1276 2452 et
1295 2387 1571 2451 communicatio

339 2493 463 2560 Sancti
477 2493 627 2576 Spiritus
641 2512 781 2576 semper
795 2494 841 2558 sit
851 2493 1046 2558 nobiscum.

401 2600 583 2681 Superiori
603 2602 753 2682 epistola
768 2601 895 2681 scripsi
909 2599 949 2664 P.
964 2601 1004 2666 T.
1022 2618 1112 2683 quae
1126 2609 1161 2665 et
1175 2609 1309 2683 quanta
1325 2600 1503 2666 Dominus
1526 2619 1570 2664 ex

341 2707 530 2786 benignate
544 2725 610 2771 sua
628 2709 797 2790 dignatus
818 2707 864 2771 sit
878 2709 1018 2788 operari
1032 2725 1096 2787 per
1107 2707 1145 2773 P.
1158 2705 1353 2772 Doctorem
1366 2707 1378 2740 ¹
1393 2716 1570 2773 caeteros-

341 2829 410 2895 que
425 2813 565 2894 iratres,
582 2831 672 2896 quos
692 2814 759 2878 sibi
780 2815 928 2878 comites
947 2822 981 2878 et
1000 2814 1225 2896 coadjutores
1244 2815 1435 2895 asciverat,
1457 2815 1505 2878 ad
1521 2815 1569 2878 in·

338 2919 482 3000 junctae
504 2920 571 2984 sibi
588 2921 802 2990 visitationis
817 2919 969 2986 officium
988 2922 1025 2985 in
1049 2921 1216 3001 burgensi
1231 2921 1384 2986 dioecesi
1402 2919 1415 2952 ³
1434 2921 1569 2986 rectius

331 3013 596 3108 exequendum.

397 3133 489 3198 Toto
504 3143 622 3198 autem
636 3136 704 3198 hoc
721 3135 985 3215 quadrimestri,
1008 3136 1124 3199 nullus
1146 3151 1268 3199 eorum
1290 3133 1568 3216 praedicationis

335 3257 476 3321 munus,
492 3242 550 3305 vel
564 3241 714 3322 alicujus
728 3242 872 3306 alterius
888 3243 1080 3322 spiritualis
1090 3242 1247 3306 muneris
1262 3241 1492 3319 functionem,
1509 3261 1568 3307 ex·

338 3358 395 3413 tra
413 3349 594 3413 civitatem
616 3345 825 3428 *exercuin
846 3366 1026 3430 nunquam
1050 3358 1170 3413 tamen
1194 3349 1244 3412 ita
1266 3359 1455 3428 vacarunt,
1482 3351 1569 3430 quin

337 3464 479 3536 praeter
497 3455 703 3536 quotidiana
723 3455 894 3520 exercitia
912 3456 1101 3535 litteraria,
1123 3456 1243 3520 multis
1267 3455 1414 3520 subinde
1433 3457 1568 3521 sanctis

336 3563 630 3642 occupationibus
654 3563 778 3626 intenti
803 3571 1018 3626 tenerentur.
1044 3561 1083 3626 P.
1105 3559 1242 3627 Doctor
1263 3563 1494 3628 concionatus
1513 3574 1567 3628 est

337 3668 406 3731 hac
420 3668 694 3750 quadragesima
712 3669 749 3732 in
771 3669 938 3749 ecclesia,
959 3686 1049 3750 quae
1068 3669 1197 3733 dicitur
1217 3669 1263 3732 D.
1286 3669 1484 3750 Benedicti,
1508 3671 1571 3734 ubi

336 3790 469 3855 magna
484 3791 621 3856 semper
636 3774 703 3840 fuit
718 3786 753 3840 et
771 3776 917 3840 attentio
932 3785 966 3838 et
982 3774 1178 3857 frequentia
1191 3775 1393 3840 auditorum
1406 3785 1482 3841 tam
1497 3778 1565 3858 ple-

338 3879 497 3960 bejorum
516 3899 623 3961 quam
643 3892 862 3962 magnatum.
885 3881 1084 3946 Transacta
1104 3881 1396 3964 quadragesima,
1417 3893 1567 3963 rogatus

334 3995 391 4052 est
405 4005 426 4050 a
440 3989 607 4068 parochis
621 3998 657 4052 et
671 3989 915 4054 sacerdotibus
929 3989 1163 4056 beneficiariis
1177 3990 1348 4054 ecclesiae
1360 3989 1405 4054 D.
1422 3990 1566 4055 Martini

338 4095 442 4174 (quae
456 4091 558 4176 hujus
573 4095 729 4160 civitatis
743 4097 994 4177 parochiarum
1008 4104 1062 4160 est
1074 4097 1289 4178 praecipua),
1302 4105 1341 4160 ut
1350 4096 1443 4161 iilius
1456 4099 1567 4162 eccle-

338 4242 550 4254 ’.-

377 4335 386 4369 ¹
416 4333 535 4389 Epistola
546 4339 601 4380 tota
613 4343 652 4380 eat
664 4347 741 4380 manu
751 4337 830 4391 ipsius
841 4336 928 4382 Patria
937 4335 1105 4382 maximiliani
1114 4347 1131 4380 a
1141 4335 1274 4392 Cappeiia,
1284 4337 1329 4380 aed
1339 4346 1356 4380 a
1363 4335 1442 4382 Patra
1453 4337 1564 4383 Poianco

334 4405 482 4461 emendata,
496 4406 522 4450 in
533 4407 592 4450 solio
603 4407 706 4462 duplici,
718 4408 758 4452 eui
776 4409 837 4452 oiim
851 4419 875 4452 n.
885 4409 933 4462 436,
944 4420 1009 4453 nunc
1018 4413 1104 4453 autem
1121 4407 1148 4451 68
1163 4413 1190 4452 et
1206 4407 1400 4452 69.-iiabemua
1416 4408 1497 4454 etiam
1506 4421 1564 4465 apo

333 4478 465 4532 crepitum
475 4478 501 4521 in
511 4478 552 4522 iol.
564 4478 591 4522 6i
606 4475 708 4524 Codicia
718 4479 777 4522 1551.

375 4548 388 4580 ¹
415 4547 444 4592 P.
454 4547 563 4593 michael
574 4549 605 4594 de
615 4549 718 4594 Torrea.

374 4619 385 4652 ⁸
412 4619 501 4664 Verba
511 4619 576 4666 haec
587 4621 616 4664 in
626 4621 754 4674 burgensi
764 4621 880 4666 dioecesi
889 4623 996 4678 addidit,
1006 4622 1200 4678 perspicuitatis
1210 4622 1305 4677 gratia,
1316 4621 1452 4668 Poiancua.

373 4691 386 4724 Α
412 4689 531 4746 intellige
542 4691 676 4736 civitatem
688 4691 871 4746 salmanticae,
887 4693 929 4738 nbi
945 4693 1040 4738 nostrin
1057 4699 1179 4750 praeerat
1196 4692 1223 4737 P.
1242 4691 1345 4746 Turres,
1360 4694 1439 4738 etati
1456 4701 1562 4750 peracta

331 4769 396 4806 aunt
406 4773 580 4818 quaecumque
591 4763 617 4808 in
627 4763 677 4808 hac
686 4763 797 4818 epistola
809 4771 958 4810 narrantur.
