3400 5532
371 535 427 590 :nt
762 534 930 592 Limenai:
951 549 1220 600 Quartana-:stans

371 696 443 755 gua
469 677 722 757 confirmabat,
747 679 795 740 ita
822 688 861 741 ut
882 695 947 741 nec
972 697 1013 742 os
1038 697 1060 741 a
1081 678 1187 742 corde
1213 695 1279 740 nec
1304 695 1367 740 cor
1392 677 1437 740 ab
1467 694 1531 740 ore
1549 695 1604 738 un-

372 803 479 864 quam
499 784 714 860 dissentiret;
742 786 949 865 quinetiam
969 794 1107 848 tantam
1135 785 1252 848 animo
1277 785 1499 864 voluptatem
1525 802 1602 846 con·

373 893 542 970 cipiebat,
573 903 610 956 ut
639 893 705 955 hoc
731 909 815 955 suas
836 909 940 972 opeS,
961 891 1127 970 delicias,
1147 892 1334 971 gaudium,
1365 891 1521 972 quietem
1551 909 1604 952 vc-

373 1015 518 1078 ramque
541 999 747 1062 felicitatem
769 999 1015 1062 arbitraretur.
1039 997 1133 1077 Quid
1153 999 1196 1062 de
1221 1015 1342 1061 amore
1363 1014 1432 1077 quo
1457 1013 1604 1077 pauper-

373 1115 481 1169 tatem
496 1106 796 1185 prosequebatur?
811 1114 907 1168 certe
922 1106 1014 1167 banc
1031 1105 1080 1168 ita
1096 1105 1240 1182 amavit,
1258 1105 1308 1168 ita
1322 1121 1461 1185 semper
1476 1106 1605 1184 ample-

370 1229 439 1274 xus
454 1221 522 1290 est,
539 1222 576 1275 ut
591 1221 757 1289 matrem,
780 1229 940 1274 sororem
959 1228 1195 1292 sponsamque
1217 1211 1491 1274 existimaverit:
1513 1211 1604 1274 unde

370 1336 453 1380 cum
478 1320 642 1399 aliquem,
659 1319 880 1399 paupertatis
906 1318 1069 1397 oblitum,
1091 1318 1245 1398 propriis
1259 1318 1365 1381 rebus
1383 1319 1528 1381 studere
1557 1319 1603 1380 vi-

371 1425 498 1503 debat,
528 1443 609 1488 eum
638 1425 799 1504 graviter
825 1427 1017 1489 admodum
1042 1425 1256 1500 accusabat,
1282 1425 1332 1487 ita
1355 1434 1392 1488 ut
1417 1442 1537 1488 meum
1565 1444 1604 1488 ac

371 1543 470 1595 tuum
486 1543 667 1612 tamquam
686 1543 822 1613 pestem
844 1542 1086 1597 execraretur.
1111 1531 1300 1596 Praeterea
1315 1549 1422 1612 quam
1437 1532 1605 1596 obediens

371 1640 493 1719 suerit,
517 1643 661 1718 longum
682 1649 776 1702 esset
797 1657 1003 1717 recensere;
1031 1639 1266 1702 obedientiam
1292 1639 1466 1718 siquidem
1488 1639 1604 1718 (quam

369 1764 443 1809 non
458 1745 646 1825 ignorabat
664 1747 761 1809 viam
781 1764 871 1824 esse,
895 1765 965 1827 qua
984 1755 1083 1808 recto
1103 1746 1243 1810 tramite
1260 1744 1306 1807 ad
1320 1746 1512 1808 coelestem
1532 1747 1604 1824 glo·

369 1854 461 1915 riam
476 1853 681 1933 pervenitur
703 1853 904 1933 Christique
926 1852 1083 1916 amicitia
1103 1852 1244 1915 facilius
1262 1855 1503 1931 comparatur)
1525 1869 1606 1914 exa·

371 1960 526 2024 ctissime
541 1960 749 2038 observare,
766 1960 884 2040 quoad
898 1969 1053 2040 poterat,
1070 1970 1219 2023 conatus
1235 1969 1299 2021 est.
1325 1957 1427 2022 Unde
1449 1959 1486 2022 in
1506 1959 1604 2021 mini·

372 2068 438 2130 mis
459 2067 567 2130 etiam
585 2066 691 2129 rebus
711 2067 808 2130 illam
827 2067 894 2131 sibi
913 2067 1048 2146 imponi
1069 2067 1228 2145 volebat,
1250 2083 1321 2129 non
1341 2067 1491 2145 ignarus
1512 2066 1606 2145 quod

370 2173 566 2236 obediendo
587 2183 785 2253 praestaret
807 2174 901 2247 (licet
920 2173 1023 2253 parvi
1043 2183 1136 2236 esset
1156 2173 1335 2248 momenti)
1357 2173 1393 2235 id
1413 2190 1485 2234 non
1506 2173 1604 2235 mini·

371 2297 468 2343 mum
478 2279 615 2343 fructus
626 2279 857 2359 utilitatisque
870 2279 1020 2342 adferre.
1031 2277 1166 2342 Silentii
1178 2296 1329 2360 quoque,
1342 2287 1380 2341 ut
1391 2289 1469 2341 erat
1483 2297 1605 2342 aman·

371 2388 545 2465 tissimuS,
563 2387 612 2449 ita
632 2395 667 2448 et
686 2403 826 2466 semper
846 2387 1181 2449 observantissimus
1201 2403 1280 2449 esse
1299 2387 1427 2467 voluit;
1450 2385 1546 2466 quod
1570 2397 1605 2447 ut

371 2493 510 2556 facilius
540 2503 828 2573 consequeretur,
856 2493 1009 2573 lapidem
1030 2510 1284 2574 nonnunquam
1306 2494 1438 2571 inore,
1468 2493 1606 2571 antiqui

370 2601 487 2663 Patris
515 2599 717 2679 Agathonis
738 2601 912 2680 exemplo,
939 2601 1114 2680 portabat.
1140 2600 1229 2664 Cum
1250 2609 1369 2662 autem
1391 2600 1427 2663 in
1451 2601 1606 2680 aliquem

370 2724 530 2770 errorem
545 2707 635 2770 sorte
650 2706 792 2770 fortuna
807 2706 974 2787 delapsus
989 2707 1322 2786 deprehenderetur,
1345 2707 1474 2770 mirum
1495 2725 1604 2787 quan:

369 2825 493 2893 topere
508 2813 702 2893 gaudebat,
718 2832 790 2878 non
806 2814 900 2894 quod
915 2814 1082 2877 delictum
1096 2814 1345 2892 commisisset,
1362 2814 1425 2877 sed
1447 2814 1533 2894 quia
1555 2833 1607 2876 re·

369 2918 567 3000 prehensus
589 2920 860 3001 admonitusque
885 2920 1163 2983 emendatiorem
1189 2938 1227 2983 se
1246 2919 1403 2983 futurum
1429 2933 1603 3000 speraret.

370 3028 468 3090 Haec
484 3045 566 3090 cum
582 3027 768 3106 diligenter
784 3026 825 3089 R.
842 3026 880 3090 P.
897 3026 1097 3106 Cornelius,
1115 3027 1175 3107 qui
1186 3026 1304 3090 domui
1315 3026 1539 3107 probationis
1553 3039 1605 3088 est

370 3135 581 3214 praefectus
597 3135 852 3212 consideraret,
866 3152 1015 3215 eumque
1030 3153 1051 3198 a
1066 3134 1197 3198 virtute
1210 3135 1245 3198 in
1261 3135 1429 3198 virtutem
1446 3134 1606 3214 quotidie

371 3242 563 3322 procedere
583 3243 736 3320 videret,
760 3243 915 3305 omnium
937 3259 1071 3320 curam,
1095 3259 1133 3303 se
1153 3242 1298 3304 absente
1314 3242 1364 3319 (ut
1389 3241 1449 3321 qui
1470 3242 1607 3305 nullum

370 3366 483 3430 aeque
506 3349 613 3412 fidum
633 3349 809 3428 haberet),
827 3349 877 3412 illi
892 3349 1111 3413 committere
1131 3366 1202 3411 non
1226 3349 1421 3412 dubitabat.
1443 3349 1477 3412 Is
1495 3349 1608 3426 igitur

370 3456 462 3518 alios
481 3473 649 3520 exercere
668 3457 819 3533 solebat,
847 3464 1001 3534 tentare,
1028 3456 1187 3519 cribrare
1202 3465 1308 3536 atque
1327 3455 1608 3535 uniuscujusque

371 3572 538 3625 naturam
557 3564 731 3643 experiri;
751 3563 887 3644 bisque,
909 3580 997 3644 quos
1017 3561 1217 3643 praeceptis
1231 3563 1455 3643 superiorum
1468 3579 1543 3626 non
1558 3575 1609 3624 at-

369 3678 488 3732 tentos
502 3669 662 3746 videbat,
678 3671 914 3752 poenitentias
929 3669 1123 3750 injungere.
1143 3669 1233 3748 Quia
1249 3686 1335 3733 vero
1350 3686 1609 3749 nonnunquam

370 3778 574 3840 severitatis
593 3777 753 3840 nonnihil
768 3777 946 3858 animique
961 3777 1141 3857 rigidioris
1160 3794 1247 3858 prae
1263 3795 1301 3839 se
1315 3776 1468 3854 ferebat,
1490 3775 1609 3856 ipsum

372 3883 497 3964 reliqui
511 3893 639 3947 natura
654 3884 777 3947 rudem
790 3885 878 3962 (erat
894 3885 986 3947 enim
1001 3884 1156 3961 calaber)
1168 3893 1203 3947 et
1216 3884 1263 3947 ad
1278 3884 1313 3947 id
1328 3883 1432 3946 officii
1446 3883 1609 3962 ineptum

372 3991 647 4070 existimabant3
677 3991 760 4054 hinc
789 3991 1087 4054 murmurationes
1115 3991 1458 4071 conquestionesque
1491 4001 1609 4054 ortac-

369 4098 514 4161 tandem
530 4115 610 4161 cum
627 4116 749 4161 omnes
763 4098 868 4162 simul
882 4097 1146 4177 conspirassent
1160 4106 1199 4160 ut
1214 4096 1288 4176 eJ'us
1302 4097 1499 4177 periculum
1511 4096 1610 4160 facc-

371 4213 465 4281 rent,
482 4204 652 4283 numquid
663 4205 714 4267 ita
728 4204 940 4267 intrinsecus
957 4205 1146 4267 virtutibus
1161 4204 1317 4267 munitus
1328 4213 1424 4267 esset
1438 4202 1533 4267 sicut
1550 4222 1611 4267 ex-

370 4310 547 4374 trinsecus
561 4311 772 4390 apparebat,
789 4311 883 4374 hunc
897 4310 938 4373 R.
956 4309 995 4374 P.
1012 4309 1212 4389 CorneliuS,
1226 4319 1264 4372 ut
1279 4311 1423 4373 virtutis
1439 4310 1514 4390 eJus
1528 4328 1610 4390 spc-

372 4416 488 4478 cimen
510 4416 653 4497 aliquod
673 4417 810 4495 insigne
831 4417 1050 4496 ostenderet,
1073 4417 1235 4479 omnibus
1257 4415 1531 4497 discerpendum
1555 4419 1613 4479 bis·

372 4521 535 4602 tradidit,
552 4531 590 4588 ut
609 4532 843 4602 tentaremus,
866 4524 1112 4604 probaremus
1135 4521 1240 4586 modo
1256 4521 1476 4603 juberemus,
1496 4527 1613 4587 moda

369 4628 470 4707 jussa
485 4645 746 4709 revocaremus
761 4647 803 4692 ac
814 4641 998 4710 tamquam
1009 4631 1160 4693 alterum
1170 4629 1361 4693 Protheum
1372 4630 1409 4693 in
1422 4631 1515 4692 mille
1529 4649 1614 4693 ver-

373 4746 528 4800 teremus
542 4735 685 4799 formas.
707 4735 835 4802 Mirum
856 4755 943 4800 vero
960 4753 1066 4816 quam
1087 4736 1123 4798 in
1138 4736 1194 4799 his
1214 4735 1437 4802 conflictibus
1460 4742 1615 4816 egregie
