3394 5528
371 512 423 574 182
754 511 924 570 errsaaa
943 527 1213 580 ouanntunstaas

369 659 405 721 in
420 657 609 735 rhetorica,
631 658 792 738 sequenti
812 675 897 722 vero
912 657 969 722 die
982 675 1052 722 una
1067 657 1103 722 in
1121 657 1354 740 philosophia,
1378 675 1470 738 quae
1492 659 1595 720 omni·

368 764 434 832 bus
449 765 637 844 placebant
648 765 850 846 plurimum,
868 764 1022 828 maxime
1036 766 1096 828 illa
1110 764 1316 844 rhetorices,
1333 765 1378 828 ob
1392 782 1508 842 suam,
1526 773 1598 829 tum

368 875 605 950 venustatem,
619 879 694 936 tum
708 872 916 950 ubertatem,
929 881 1003 935 tum
1018 871 1124 935 etiam
1135 871 1218 951 quia
1228 872 1289 936 illa
1303 872 1495 948 tractabat,
1510 888 1597 952 quae

369 995 492 1042 omnes
507 978 749 1058 intelligebant
765 976 786 1055 ¹,
802 977 852 1041 ita
868 990 906 1042 ut
921 978 1228 1043 transcribendam
1242 977 1383 1059 plurimi
1396 995 1478 1042 eam
1494 979 1596 1058 petie·

367 1085 450 1148 rint.
473 1083 540 1148 Die
553 1102 641 1156 ¹vero
656 1084 881 1166 subsequenti
896 1093 1040 1165 apertae
1056 1095 1136 1148 sunt
1150 1084 1309 1163 scholae,
1327 1083 1372 1148 ad
1391 1102 1483 1165 quas
1491 1086 1597 1148 ¹scho-

367 1190 484 1254 lastici
495 1191 689 1269 venientes
703 1192 896 1256 secundum
907 1190 1111 1254 facultatem
1120 1201 1155 1255 et
1162 1191 1418 1270 sufficientiam,
1428 1191 1602 1254 indebitis.

370 1297 501 1361 scholis
516 1309 597 1362 sunt
613 1299 775 1362 ordinati.
1254 1353 1258 1362 ,

429 1403 547 1485 Atque
569 1415 621 1468 tot
640 1406 836 1483 scholares,
861 1403 920 1486 qui
943 1404 1075 1469 indies
1096 1404 1383 1486 multiplicantur,
1402 1404 1476 1484 jam
1495 1422 1596 1467 vene·

371 1522 466 1586 runt,
480 1522 518 1576 ut
528 1512 642 1592 prima
654 1512 790 1592 classis,
807 1530 896 1592 quae
912 1512 1074 1592 Magistri
1086 1512 1180 1575 Petri
1194 1512 1390 1576 Brixiensis
1400 1523 1465 1590 est,
1482 1529 1598 1575 nume·

369 1635 449 1681 rum
461 1620 610 1682 excedat
625 1629 766 1682 centum
780 1629 814 1682 et
829 1619 1026 1698 sexaginta.
1044 1617 1173 1699 Quare,
1189 1629 1228 1682 ut
1243 1637 1306 1683 suo
1321 1621 1445 1683 melius
1461 1618 1566 1682 satiss
1589 1655 1598 1664 -

371 1735 468 1789 ceret
489 1725 616 1804 officio,
641 1743 786 1788 necesse
809 1725 872 1788 suit
892 1734 930 1789 ut
949 1726 1019 1789 duo
1042 1725 1281 1789 illiderentur
1304 1723 1539 1804 coadjutores.
1562 1726 1599 1788 ln

371 1832 528 1896 secunda
547 1843 664 1896 autem
687 1833 929 1913 septuaginta:
949 1832 985 1895 in
1006 1832 1112 1895 tertia
1131 1841 1325 1912 etquarta,
1349 1833 1475 1910 viginti
1495 1841 1530 1895 et
1550 1835 1599 1894 vi-

370 1939 461 2019 ginti
488 1938 652 2019 quinque.
682 1938 721 2002 ln
749 1939 863 2001 classe
891 1947 1008 2004 autem
1035 1939 1247 2018 rhetorices,
1277 1939 1361 2019 quia
1395 1939 1600 2002 scholastici

370 2053 522 2127 capaces
536 2047 621 2109 etin
636 2045 860 2109 inferioribus
871 2045 1066 2126 disciplinis
1081 2045 1215 2109 versati
1227 2063 1299 2110 nou
1314 2047 1600 2124 inveniebantur,

373 2163 453 2216 sunt
468 2153 666 2233 pauciores,
682 2150 751 2215 Sed
766 2169 950 2232 speramus
972 2169 1156 2215 numerum
1178 2170 1241 2232 per
1259 2151 1467 2216 inferiorum
1487 2153 1602 2234 profe-

371 2271 468 2350 ctum
483 2258 799 2339 multiplicandum.
815 2259 886 2322 Res
906 2259 1066 2340 profecto
1082 2257 1281 2338 hujusmodi
1297 2269 1350 2322 est
1365 2269 1403 2322 ut
1418 2260 1514 2322 laudi
1534 2259 1602 2322 Dei

372 2367 517 2430 uberem
534 2366 721 2430 materiam
740 2365 924 2445 praebeat,
941 2367 1038 2429 illum
1053 2367 1309 2430 considerando
1324 2366 1480 2430 fructum
1497 2384 1601 2447 quem

374 2473 492 2555 pueri,
508 2484 582 2536 tum
597 2473 634 2535 in
653 2471 794 2550 litteriS,
816 2483 890 2535 tum
910 2472 946 2535 iu
966 2473 1107 2552 spiritu,
1128 2473 1195 2535 hoc
1221 2474 1318 2537 brevi
1338 2481 1497 2554 tempore
1518 2486 1600 2535 sunt

373 2563 537 2646 assecuti.
555 2623 558 2630 Δ

432 2685 524 2749 Nam
538 2695 708 2766 quantum
723 2686 768 2749 ad
789 2687 923 2749 litteras
939 2697 1092 2766 spectat,
1110 2687 1177 2750 hoc
1192 2685 1380 2765 diligenter
1391 2705 1413 2749 a
1428 2687 1603 2767 principio

368 2803 429 2857 est
444 2802 605 2857 curatum
620 2802 654 2857 et
669 2794 836 2857 continuo
851 2803 1006 2872 curatur,
1023 2806 1061 2857 ut
1076 2794 1187 2857 solida
1200 2792 1334 2873 jaciant
1348 2795 1603 2874 grammatices

374 2898 613 2978 fundamenta,
635 2917 725 2980 quae
741 2901 776 2962 in
792 2901 878 2981 ipsis
899 2900 1056 2979 omnino,
1080 2917 1160 2963 cum
1179 2902 1339 2979 regulam
1357 2901 1491 2962 nullam
1510 2909 1604 2962 tene·

375 3017 464 3086 rent,
474 3006 775 3070 desiderabantur.
789 3005 906 3086 Quare
915 3007 1022 3070 etiam
1031 3006 1145 3087 major
1153 3025 1198 3070 ex
1210 3006 1278 3070 isto
1290 3016 1447 3086 tempore
1459 3007 1603 3086 exiguo,

374 3132 443 3198 quo
459 3114 553 3203 apud
567 3130 633 3176 nos
647 3113 872 3191 studuerunt,
889 3113 925 3175 in
940 3113 1009 3176 illis
1023 3113 1239 3194 conspicitur
1258 3113 1410 3188 fructus,
1432 3129 1540 3194 quam
1560 3131 1605 3173 cx

373 3221 485 3287 tribus
499 3229 697 3300 quatuorve
714 3221 832 3294 anniS,
850 3220 977 3299 quibus
992 3220 1057 3282 sub
1072 3221 1150 3284 aliis
1172 3220 1354 3299 magistris
1375 3236 1522 3300 operam
1544 3238 1605 3282 na-

374 3337 515 3392 varunt.
536 3325 637 3407 Quod
656 3326 763 3390 etiam
784 3327 923 3407 ipsimet
944 3325 1164 3390 confitentur.
1187 3327 1231 3389 Et
1249 3327 1317 3389 hoc
1337 3327 1480 3407 quidem
1499 3326 1538 3390 fit
1561 3328 1608 3387 ob

366 3421 505 3500 ¹bouum
519 3451 623 3515 quem
638 3442 756 3499 tenent
771 3433 932 3512 magistri
948 3433 1107 3496 ordinem
1128 3450 1365 3513 magnamque
1380 3451 1487 3513 quam
1506 3434 1606 3496 exlu-

371 3542 456 3606 bent
470 3541 704 3621 diligentiam,
721 3539 874 3603 Domino
889 3539 982 3617 Deo,
998 3540 1091 3619 quod
1112 3540 1341 3620 praecipuum
1364 3550 1434 3617 est,
1458 3540 1609 3603 mirifice

372 3649 508 3730 coeptis
536 3665 659 3712 eorum
683 3647 903 3727 adspirante,
928 3654 1049 3726 utpote
1071 3645 1170 3727 cujus
1191 3647 1269 3709 laus
1290 3655 1325 3710 et
1349 3647 1465 3726 gloria
1491 3648 1610 3710 solum

372 3755 567 3836 quaeritur.
627 3776 630 3791 ¹

434 3860 537 3942 Quod
555 3861 602 3924 ad
619 3877 736 3924 mores
756 3861 896 3935 attinet,
918 3878 974 3922 res
996 3869 1050 3922 est
1073 3859 1235 3922 miranda
1256 3860 1447 3938 magistros
1467 3869 1500 3922 et
1523 3877 1611 3921 con-

374 3967 530 4030 sessores
544 3968 650 4030 talem
666 3975 807 4045 tamque
822 3966 973 4029 subitam
987 3966 1022 4028 in
1044 3965 1098 4028 his
1121 3966 1241 4046 pueris
1263 3965 1423 4029 invenire
1442 3966 1613 4029 mutatio·

373 4091 467 4154 nem,
491 4083 528 4136 ut
551 4072 693 4136 omnino
718 4069 977 4153 peccata‘ipsis
1008 4071 1181 4135 decidisse
1207 4070 1397 4136 videantur
1425 4089 1505 4136 cum
1533 4071 1615 4134 huc

373 4181 489 4262 primo
502 4179 665 4266 venerint
680 4178 728 4240 ita
751 4186 800 4256 ut,
818 4177 1026 4257 interrogati
1040 4195 1125 4240 num
1139 4177 1175 4241 in
1190 4178 1260 4240 hoc
1275 4187 1335 4242 aut
1354 4178 1392 4241 in
1414 4178 1497 4242 illud
1518 4178 1616 4241 inci-

374 4287 524 4365 dissent,
550 4285 764 4365 respondent
790 4282 989 4366 hujusmodi
1008 4283 1148 4364 quidem
1168 4301 1206 4348 se
1225 4285 1348 4348 solitos
1371 4284 1616 4360 committere,

373 4393 436 4457 sed
451 4409 496 4456 ex
512 4408 581 4471 quo
596 4391 703 4454 hasce
719 4391 860 4454 scholas
873 4391 1108 4470 frequentant,
1124 4407 1348 4471 nequaquam
1363 4392 1514 4472 amplius
1525 4407 1621 4470 per«

373 4510 545 4580 petresse.
575 4497 707 4562 Omnes
736 4498 884 4576 singulis
908 4496 1087 4561 mensibus
1116 4497 1336 4576 confitentur,
1363 4499 1473 4580 aliqui
1495 4498 1619 4562 etiam

415 4668 423 4702 ¹
453 4667 525 4714 Hane
544 4668 687 4714 orationem
704 4667 849 4719 elegantem
866 4675 892 4708 et
908 4667 1009 4720 plenam
1028 4664 1130 4710 Siciliae
1148 4666 1354 4722 lambuntque
1371 4668 1453 4722 ipsius
1463 4668 1623 4720 Pro-regis,

375 4737 439 4783 dicit
449 4738 584 4789 Polaticus.
596 4737 697 4788 Chron„
706 4743 726 4780 t.
737 4747 753 4791 1,
766 4748 826 4792 pag.
834 4739 881 4792 387,
890 4748 957 4781 num.
966 4737 1013 4780 386.
