3390 5536
767 523 936 584 errnnaa
955 535 1226 593 onanniunsrnns

441 1549 479 1608 P.
493 1547 616 1610 Petrus
628 1547 784 1610 Canislus

478 1647 570 1708 Patri
582 1647 712 1722 Ignatio
725 1646 766 1706 de
780 1647 921 1723 Loyoln.

513 1745 726 1822 ingolstadio,
741 1745 923 1820 2Januarii
939 1746 1008 1806 1552
1023 1745 1041 1802 ¹.

936 2031 1073 2114 JESUS

455 2277 580 2342 Gratia
595 2285 629 2340 et
643 2293 714 2357 pax
730 2275 873 2339 Domini
887 2275 1007 2340 Nostri
1021 2273 1106 2355 Jesu
1118 2274 1248 2340 Christi
1262 2277 1297 2338 in
1312 2273 1413 2338 nobis
1429 2283 1464 2337 et
1478 2291 1539 2355 per
1551 2290 1608 2336 nos

393 2386 430 2448 in
446 2385 521 2448 dies
536 2391 719 2463 augeatur.
737 2381 863 2446 Amen.

454 2491 614 2557 Scribam
622 2490 667 2554 ad
678 2499 712 2552 te
724 2488 766 2552 de
779 2498 930 2570 quatuor
939 2489 1128 2569 mensibus,
1140 2497 1178 2554 ut
1190 2489 1364 2553 voluntati
1372 2497 1453 2552 tuae
1460 2503 1606 2569 paream,
1682 2491 1683 2520 i

396 2599 473 2664 R.‘¹e
491 2596 607 2676 Pater,
624 2605 833 2660 narraturus
847 2613 890 2658 ea
902 2587 1081 2660 su'ccincte
1093 2613 1183 2676 quae
1195 2611 1326 2674 magno
1336 2593 1404 2658 Dei
1419 2595 1532 2658 nostri
1546 2610 1609 2656 mu·

395 2723 480 2770 nere
495 2704 575 2768 inde
599 2721 619 2766 a
640 2701 830 2783 septembri
845 2719 1015 2766 concessa
1029 2710 1111 2766 sunt
1128 2702 1244 2780 nobis,
1261 2711 1300 2765 ut
1319 2703 1459 2766 lucrum
1478 2700 1605 2782 quidem

393 2811 539 2893 aliquod
558 2810 671 2874 videri
691 2817 795 2891 queat
820 2808 1016 2890 spirituale,
1039 2809 1102 2872 sed
1124 2808 1266 2872 omnino
1285 2809 1455 2888 exiguum
1476 2807 1569 2884 illud,
1584 2806 1609 2868 si

392 2937 478 2984 cum
490 2917 639 2982 aliorum
654 2917 801 2980 Parrum
815 2925 850 2978 et
863 2915 1031 2979 Fratrum
1044 2915 1187 2996 scriptis
1201 2915 1418 2979 conseratur.

456 3025 558 3089 Initio
573 3024 741 3086 lectiones
756 3040 892 3100 sacrae,
906 3039 995 3102 quas
1011 3022 1124 3086 inhac
1137 3022 1320 3086 academia
1335 3023 1402 3086 soli
1412 3021 1609 3103 profitemur

398 3133 533 3196 Doctor
547 3129 713 3194 Nicolaus
728 3129 921 3192 Gondanus
936 3137 970 3192 et
986 3145 1067 3208 ego,
1090 3138 1339 3210 praeterquam
1358 3129 1452 3210 quod
1475 3145 1608 3192 consue·

399 3249 475 3302 tum
502 3239 657 3301 habuere
686 3252 901 3315 successum,
931 3236 1013 3316 quia
1039 3235 1201 3300 Christus
1226 3236 1410 3317 adspirare
1439 3235 1607 3316 dignatur,

395 3347 506 3409 etiam
521 3343 751 3425 frequentiori
766 3351 800 3406 et
815 3343 1049 3406 constantiori
1063 3360 1169 3424 quam
1183 3343 1281 3423 prius
1297 3343 1472 3407 bonorum
1487 3343 1611 3406 audito-
1680 3361 1681 3382 ἒ

396 3470 477 3516 rum
492 3468 639 3514 numero
654 3451 843 3513 decoratae
858 3449 1009 3512 luerunt.
1025 3447 1213 3512 Aethicam
1227 3467 1315 3513 vero
1329 3450 1518 3516 lectionem
1532 3467 1612 3514 com·

399 3558 567 3622 mendant
587 3575 667 3620 cum
689 3555 836 3619 studiosi
851 3565 955 3636 atque
974 3555 1147 3635 magistri,
1169 3572 1318 3636 quorum
1339 3557 1466 3637 ingens
1487 3558 1612 3622 accedit

401 3683 580 3742 numeruS,
597 3682 677 3728 cum
693 3663 760 3743 ipsi
779 3679 917 3744 quoque
931 3663 1151 3744 professores
1171 3672 1276 3744 atque
1292 3665 1466 3745 doctoreS,
1488 3666 1547 3746 qui
1561 3682 1611 3727 no·
1679 3723 1680 3742 ,

399 3773 535 3836 biscum
552 3787 659 3851 agere
674 3779 866 3850 coeperunt
880 3788 951 3834 non
963 3771 1121 3852 semel-ut
1136 3771 1260 3835 horam
1270 3771 1457 3851 profitendi
1472 3790 1612 3837 commo·

397 3880 546 3958 diorem,
564 3896 654 3959 quae
673 3877 758 3957 ipsis
774 3877 970 3956 deberetur,
988 3876 1032 3941 ad
1052 3879 1326 3957 praelegendam
1347 3879 1525 3944 aethicam
1541 3896 1612 3941 ven·

397 3987 570 4050 dicemus.

461 4093 542 4176 Jam
556 4100 593 4155 ut
609 4091 768 4155 omittam
783 4091 951 4155 lectiones
966 4090 1175 4171 ordinarias,
1191 4093 1403 4172 praesertim
1421 4094 1457 4156 in
1473 4108 1614 4170 evange·
1678 4083 1679 4088 ’

401 4201 479 4264 licis
493 4210 528 4263 et
543 4198 745 4279 apostolicis
760 4197 782 4278 ¹,
799 4199 966 4279 privatim
980 4215 1119 4280 quoque
1135 4199 1314 4278 docemus,
1335 4197 1398 4263 sed
1412 4200 1463 4264 ita
1486 4210 1524 4265 ut
1543 4197 1615 4262 nulli

400 4307 598 4384 denegetur
612 4306 657 4368 ad
672 4306 761 4368 haec
777 4304 951 4369 audienda
971 4306 1081 4384 locuS,
1098 4321 1188 4386 quae
1208 4305 1361 4369 maxime
1383 4307 1430 4369 ad
1448 4308 1613 4389 explican-

445 4547 454 4580 ¹
482 4547 667 4601 apographum
677 4547 703 4591 ln
713 4547 780 4591 loliis
791 4547 817 4592 12
826 4555 852 4592 et
863 4548 888 4591 ¹³
898 4547 999 4592 Codicis
1009 4549 1097 4594 leot·
1103 4549 1289 4604 autographae
1305 4547 1401 4595 Cenlsii
1417 4551 1521 4597 litteren
1540 4547 1615 4594 nullibi

403 4619 488 4664 adhuc
499 4619 612 4672 reperire
623 4618 757 4671 valuimus;
769 4629 848 4674 quare
859 4620 918 4674 quid
929 4620 953 4664 in
965 4621 1002 4663 eis
1012 4620 1147 4674 Polaticus,
1155 4626 1183 4665 ut
1193 4622 1249 4677 ejus
1258 4621 1337 4666 morin
1348 4627 1419 4676 ernt,
1432 4623 1570 4669 immutarit
1580 4629 1615 4660 sen

400 4690 555 4742 emendarit,
566 4690 626 4743 quid
635 4690 770 4744 addiderit,
782 4691 875 4744 quidve
886 4692 1064 4746 suppresserit,
1077 4692 1190 4740 indicere
1201 4694 1342 4749 nequimus.

445 4761 457 4794 Ι
483 4759 513 4806 In
522 4759 660 4815 Evangelii
670 4768 695 4804 et
703 4763 878 4816 epistolarum,
889 4763 961 4808 Pauli
972 4765 1133 4818 praesertim,
1144 4765 1313 4820 expositione.
