3400 5532
376 497 431 556 378
761 497 933 557 errarrns
952 514 1223 566 quaomnasrnus

375 643 495 723 populi
519 644 649 722 templo
671 642 864 724 praecipuo
887 643 1118 707 concionatus
1143 654 1214 720 est,
1241 660 1448 724 summaque
1475 644 1609 708 Christi

376 750 562 812 clementia
577 750 741 814 videntur
756 752 904 814 multum
919 750 1017 813 cives
1031 749 1235 831 profecisse.
1253 749 1342 814 Cum
1363 751 1481 815 adhuc
1503 751 1605 816 dura-

376 863 454 918 rent
480 856 672 935 nundinae,
703 857 891 936 lnquisitor
921 857 1065 937 quidam
1088 856 1288 920 Vallisoleti
1313 875 1354 921 eo
1378 873 1417 920 se
1441 860 1607 934 contulit,

376 964 539 1027 librarios
553 964 802 1044 voluminaque
817 965 924 1028 etiam
941 965 1112 1028 nonnulla
1131 965 1354 1046 inspecturus
1368 965 1531 1028 haeresis
1555 984 1608 1028 su-

376 1080 516 1151 specta,
540 1071 778 1153 populumque
801 1080 913 1135 totum
928 1071 964 1134 in
979 1073 1110 1151 templo
1125 1071 1280 1134 maximo
1298 1069 1399 1151 jungi
1417 1073 1549 1152 voluit,
1576 1087 1608 1134 et

376 1195 396 1240 a
412 1175 450 1240 P.
467 1177 628 1258 Baptista
647 1195 719 1242 uon
737 1178 860 1258 parvis
880 1177 1089 1257 efflagitavit
1108 1177 1271 1257 precibus
1291 1188 1329 1241 ut
1349 1178 1396 1241 ibi
1416 1180 1607 1242 conciona-

375 1293 482 1346 retur.
512 1283 727 1348 Concionem
749 1285 871 1348 babuit
892 1294 990 1348 tanta
1013 1302 1094 1349 cum
1116 1285 1317 1348 auditorum
1340 1284 1541 1365 frequentia
1571 1297 1609 1348 ut

375 1407 439 1470 par
454 1391 531 1454 visa
546 1409 738 1478 numquam
752 1392 874 1471 fuerit,
891 1391 1156 1472 incredibilique
1171 1391 1277 1455 etiam
1294 1391 1439 1473 spiritus
1463 1393 1608 1464 ardore,

374 1499 537 1561 concioni
561 1498 629 1562 fine
651 1497 725 1577 jam
747 1499 925 1579 imposito,
946 1499 989 1562 de
1009 1499 1136 1578 gratiis
1153 1499 1293 1562 locutus
1312 1509 1382 1577 est,
1410 1517 1500 1580 quas
1527 1499 1608 1562 Deo

372 1604 582 1668 tenebantur
598 1621 722 1684 agere,
740 1623 820 1669 cum
843 1623 923 1669 eum
945 1605 1116 1668 haberent
1137 1604 1398 1686 Inquisitorem,
1419 1606 1480 1686 qui
1501 1615 1604 1670 tanta

373 1728 458 1774 cura
474 1712 518 1774 ab
538 1711 580 1774 iis
604 1729 707 1776 omne
726 1712 884 1776 haeresis
906 1729 1019 1792 genus
1039 1713 1210 1776 radicitus
1235 1714 1389 1776 avellere
1412 1723 1608 1776 conaretur

372 1816 549 1897 librosque
570 1818 676 1882 etiam
696 1819 915 1898 perscrutari
938 1829 976 1883 ut
996 1819 1048 1882 sic
1070 1819 1285 1882 christianae
1306 1819 1491 1883 doctrinae
1511 1822 1608 1900 puri-

371 1933 426 1985 tas
445 1925 570 1988 melius
590 1925 734 1989 retineri
753 1927 876 2006 possit.
897 1924 1120 1989 Rescivimus
1143 1926 1189 1989 ad
1210 1925 1298 1989 haec
1317 1925 1446 1989 fratres
1468 1927 1608 1990 ordinis

372 2028 677 2112 Praedicatorum,
699 2049 779 2096 cum
803 2033 1057 2096 intellexissent
1082 2032 1328 2114 Inquisitorem
1348 2033 1394 2096 ad
1413 2032 1448 2096 id
1472 2035 1525 2098 rei
1546 2053 1605 2096 ve·

374 2138 485 2216 nisse,
502 2139 667 2218 precibus
682 2139 947 2220 rationibusque
969 2141 1014 2203 ab
1036 2157 1079 2202 eo
1099 2140 1135 2203 id
1155 2141 1378 2204 contendisse
1399 2150 1438 2203 ut
1457 2140 1547 2221 ipsis
1563 2161 1607 2204 ea

373 2245 499 2308 concio
514 2245 737 2325 tribueretur,
755 2245 960 2325 objicientes
976 2247 1021 2311 ad
1037 2264 1075 2310 se
1088 2247 1208 2328 potius
1223 2264 1328 2327 quam
1343 2247 1389 2309 ad
1403 2248 1494 2310 ullos
1512 2249 1607 2311 alios

371 2349 414 2412 (le
429 2350 668 2430 Inquisitionis
684 2351 833 2432 fideique
848 2352 953 2416 rebus
972 2369 1080 2432 agere
1102 2361 1279 2434 spectare,
1302 2354 1430 2434 quibus
1452 2371 1604 2434 respon-

373 2473 450 2519 sum
465 2456 533 2520 hoc
548 2459 711 2537 praebuit
726 2458 926 2540 Inquisitor:
943 2459 1242 2540 concionatorem,
1259 2478 1362 2540 quem
1379 2460 1455 2540 ipse
1470 2464 1606 2524 consti·

372 2573 499 2642 tuerat,
516 2582 589 2628 non
603 2565 720 2628 minus
734 2566 896 2629 doctrina
909 2583 1015 2647 quam
1026 2567 1260 2630 sanctimonia
1272 2584 1350 2629 esse
1362 2569 1603 2647 praeclarum,

371 2670 520 2749 proinde
535 2689 578 2734 ne
594 2672 653 2735 illa
669 2672 765 2735 dere
781 2673 875 2736 ultra
889 2673 1153 2753 contenderent;
1171 2690 1214 2736 ac
1227 2673 1278 2737 ita
1292 2673 1330 2737 P.
1344 2673 1506 2754 Baptista
1518 2693 1604 2738 con-

371 2777 534 2840 cionatus
550 2786 613 2841 est.

432 2883 500 2964 Qui
515 2896 634 2948 autem
647 2885 706 2949 hic
722 2883 959 2950 salmanticae
974 2896 1136 2963 manent,
1161 2904 1282 2950 omnes
1302 2887 1337 2950 in
1352 2887 1478 2967 spiritu
1493 2889 1602 2967 proli-

370 2992 480 3072 ciunt;
496 3000 619 3056 mutuo
633 3010 672 3055 se
688 3009 809 3056 omnes
822 3011 864 3056 ac
876 2994 1032 3057 maximo
1045 3002 1306 3074 prosequuntur
1319 3010 1457 3072 amore;
1475 3011 1605 3058 omnes

369 3097 533 3178 proprias
547 3116 632 3162 suas
651 3099 853 3163 voluntates
876 3117 919 3162 ac
939 3101 1127 3180 appetitus,
1148 3117 1221 3162 non
1235 3101 1349 3163 solum
1364 3101 1459 3164 intra
1480 3100 1602 3165 dome·

369 3205 477 3268 sticos
501 3206 672 3286 parieteS,
699 3223 824 3270 verum
848 3215 882 3269 et
906 3207 1078 3284 exteriuS,
1102 3207 1132 3270 si
1153 3223 1217 3286 per
1237 3206 1379 3270 Patrem
1402 3206 1604 3272 Doctorem

368 3312 505 3392 liceret,
531 3312 719 3376 retundere
746 3313 957 3392 omninoque
983 3314 1190 3394 extinguere
1211 3321 1402 3378 conantur:
1429 3314 1465 3376 in
1489 3316 1604 3378 rebus

368 3420 530 3484 omnibus
554 3437 728 3484 summam
757 3422 899 3502 assequi
928 3421 1186 3500 obedientiam,
1213 3421 1362 3501 quisque
1391 3421 1526 3500 corrigi
1556 3441 1604 3486 ac

367 3542 449 3588 suos
464 3527 497 3589 ei
510 3527 657 3591 enodari
672 3526 830 3590 defectus
843 3526 997 3590 maxime
1012 3527 1125 3608 cupit,
1143 3537 1181 3591 ut
1196 3527 1232 3590 in
1247 3527 1372 3590 melius
1387 3537 1504 3590 vertat
1524 3545 1601 3591 mo-

366 3650 440 3712 res;
466 3633 656 3713 unicuique
682 3635 871 3712 orationiS,
892 3633 998 3698 studii
1019 3633 1365 3714 disputationumque
1382 3635 1603 3698 constitutae

366 3748 448 3802 sunt
468 3740 597 3820 horae;
619 3740 767 3822 quisque
781 3741 931 3819 singulis
952 3741 1158 3820 septimanis
1178 3740 1425 3802 conclusiones
1445 3741 1602 3804 sustinet

366 3855 401 3910 et
420 3857 545 3911 contra
569 3865 650 3912 eum
670 3848 795 3928 reliqui
815 3865 937 3911 omnes
962 3856 1265 3926 argumentantur.
1290 3846 1418 3910 Cuncti
1439 3849 1600 3912 orationi

365 3963 446 4017 sunt
461 3952 684 4018 deditissimi:
701 3971 839 4018 summo
861 3971 964 4017 mane
980 3954 1190 4034 congregati
1204 3971 1326 4016 omnes
1348 3954 1453 4016 simul
1476 3967 1598 4018 orant.

364 4059 470 4124 Pater
484 4059 621 4124 Doctor
635 4061 725 4124 hora
740 4070 867 4142 quarta
883 4061 997 4140 surgit
1011 4059 1210 4141 fratresque
1228 4061 1319 4124 hora
1340 4061 1472 4124 excitat
1495 4062 1600 4141 quin-

362 4177 415 4246 ta,
443 4185 635 4248 omnesque
659 4168 697 4231 in
722 4167 892 4232 sacellum
916 4186 954 4231 se
980 4167 1181 4246 conserunt,
1209 4167 1268 4231 ubi
1296 4185 1407 4248 usque
1438 4167 1483 4230 ad
1514 4186 1599 4232 sex·

363 4283 436 4337 tam
456 4275 492 4338 in
506 4275 666 4339 oratioue
686 4283 846 4338 manent:
870 4284 973 4338 sexta
992 4283 1111 4337 autem
1127 4272 1200 4354 jam
1222 4273 1361 4353 audita,
1387 4275 1599 4339 scholastici

363 4381 592 4460 egrediuntur
620 4381 790 4445 lectiones
819 4382 995 4461 audituri;
1025 4381 1157 4445 caeteri
1182 4398 1268 4444 vero
1290 4381 1464 4462 imperata
1490 4399 1597 4461 prae—

363 4495 470 4551 stant.

423 4595 570 4658 Praeter
594 4595 701 4675 haec,
729 4595 798 4658 duo
824 4604 904 4658 sunt
930 4595 1083 4675 quotidie
1112 4595 1300 4674 examina;
1330 4594 1482 4674 primurn
1510 4605 1598 4658 ante

362 4701 567 4781 prandium,
584 4702 778 4766 secundum
794 4719 881 4765 vero
896 4705 1002 4782 paulo
1018 4710 1208 4782 antequam
1219 4702 1359 4765 cubent.
