3378 5530
403 475 456 532 tat
502 538 504 547 Α
784 472 956 532 erraaaa
974 487 1244 540 Quaomunsrmts

402 619 477 684 lieri
496 621 602 684 solet:
623 619 673 684 ita
692 619 827 698 eligunt
848 619 998 699 vigilare
1023 636 1104 682 cum
1129 619 1379 700 quiescendum
1400 627 1512 700 esset,
1538 629 1580 682 ut
1601 632 1632 683 et

401 727 538 792 maritis
569 735 750 808 praestent
780 725 875 806 quod
900 725 1045 802 debent,
1076 733 1111 788 et
1136 725 1299 792 concioni
1324 724 1449 790 adesse
1479 728 1630 807 possint.

400 833 481 900 Scio
507 833 663 898 riderent
686 833 774 896 haec
795 832 855 913 qui
873 832 1051 913 sapientes
1075 833 1158 896 huic
1181 833 1323 896 saeculo
1349 832 1464 896 videri
1492 833 1630 912 volunt,

400 957 491 1022 quae
512 939 675 1004 Patribus
696 947 815 1004 tamen
834 947 869 1002 et
886 937 1070 1002 Fratribus
1093 939 1227 1004 nostris
1245 939 1282 1003 in
1300 938 1443 1004 Christo
1463 939 1628 1004 charissi-

399 1047 481 1126 mis,
503 1056 607 1126 grata
626 1045 702 1112 sore
721 1063 793 1110 non
811 1045 1029 1122 dubitamus,
1052 1047 1113 1126 qni
1133 1046 1295 1126 spiritum
1316 1063 1387 1111 non
1409 1063 1559 1110 carnem
1580 1065 1629 1109 sa-

400 1155 510 1234 piunt.
526 1153 582 1218 Ex
595 1153 651 1216 his
664 1170 752 1216 vero
767 1152 906 1234 aliquae
920 1153 969 1217 ita
983 1152 1110 1231 spiritu
1122 1151 1277 1232 fervent,
1300 1161 1339 1216 ut
1361 1152 1469 1220 etiam
1489 1153 1548 1216 his
1564 1155 1627 1216 die-

399 1261 466 1324 bus
480 1261 593 1324 altera
607 1261 757 1323 alteram
770 1259 899 1339 pugnis
914 1276 984 1323 non
998 1257 1212 1322 dubitaverit
1227 1259 1375 1324 caedere
1396 1259 1492 1340 quod
1515 1257 1627 1324 Socie-

400 1367 466 1430 tati
485 1373 629 1430 nostrae
653 1365 867 1430 detraheret.
887 1364 966 1429 Non
988 1366 1099 1445 probo
1119 1363 1213 1446 quod
1239 1366 1369 1446 pugnis
1394 1367 1626 1440 contenderit;

399 1473 554 1554 oportuit
579 1473 673 1536 enim
697 1489 823 1537 manus
848 1472 1048 1552 continere;
1075 1472 1138 1535 sed
1162 1471 1260 1554 quid?
1285 1471 1410 1536 mulier
1435 1471 1521 1553 fuit;
1549 1475 1627 1554 quia

397 1579 528 1643 devota
543 1587 654 1658 esset,
672 1597 693 1642 a
708 1579 927 1643 detractione
941 1577 1170 1642 abhorrebat:
1194 1578 1434 1643 imbellicitate
1447 1595 1540 1644 vero
1555 1599 1623 1644 mu·

399 1685 499 1751 liebri
520 1686 727 1762 insurrexit,
745 1694 783 1749 ut
798 1685 906 1749 etiam
924 1685 1052 1766 pugnis
1073 1695 1214 1765 ageret,
1238 1685 1297 1748 ubi
1320 1686 1435 1766 magis
1453 1688 1624 1768 patientia

398 1793 515 1857 suerat
528 1793 742 1856 necessaria.

459 1899 522 1964 llla
549 1899 701 1964 sortasse
726 1899 843 1980 magis
866 1899 1088 1981 probabitur,
1116 1899 1280 1980 quamvis
1308 1916 1373 1962 nec
1401 1900 1471 1964 ista
1500 1901 1624 1982 impro-

398 2007 515 2070 banda
529 2007 591 2084 sit,
608 2008 666 2071 cui
680 2023 762 2070 cum
776 2006 925 2070 maritus
944 2005 1150 2085 minaretur,
1174 2005 1263 2070 adeo
1285 2007 1407 2086 etiam,
1432 2017 1471 2070 ut
1494 2007 1623 2072 diceret

397 2130 436 2176 se
451 2113 500 2176 illi
515 2114 628 2176 vitam
641 2123 906 2193 exemptarum,
923 2113 953 2176 si
967 2111 1013 2176 ad
1027 2121 1186 2176 nostram
1201 2113 1405 2193 ecclesiam,
1422 2123 1461 2176 ut
1480 2131 1621 2178 consue-

399 2229 519 2298 verat,
545 2221 682 2283 veniret
708 2229 742 2282 et
767 2227 991 2283 sacramenta
1016 2219 1271 2299 frequentaret,
1298 2220 1481 2300 respondit
1503 2221 1621 2283 humil·

399 2325 496 2390 lime:
513 2325 626 2388 facias
637 2325 732 2404 quod
743 2326 875 2406 placet,
892 2325 928 2388 in
939 2342 1047 2388 manu
1059 2335 1118 2388 tua
1130 2341 1226 2402 sum;
1243 2343 1422 2406 nunquam
1438 2343 1495 2388 me
1509 2335 1623 2389 tamen

401 2450 423 2495 a
450 2432 623 2494 charitate
649 2430 717 2494 Dei
742 2431 943 2512 separabis:
974 2432 1023 2494 ita
1047 2431 1218 2512 patientia
1245 2441 1279 2494 et
1304 2431 1501 2496 humilitate
1530 2433 1621 2506 vicit,

400 2555 506 2618 quem
520 2538 704 2601 daemonis
720 2537 883 2618 impietas
897 2539 1188 2602 exacerbaverat.

457 2643 527 2708 Eas
547 2661 634 2706 vero
650 2645 728 2724 quis
743 2661 814 2707 non
828 2643 961 2722 laudet,
977 2661 1068 2725 quae
1083 2662 1105 2706 a
1119 2645 1257 2725 pompis
1272 2655 1307 2709 et
1321 2646 1539 2710 vanitatibus
1562 2647 1619 2708 hu·

395 2749 453 2832 jus
468 2751 601 2814 saeculi
616 2751 663 2814 ita
677 2751 743 2814 sibi
758 2761 957 2832 temperant
973 2751 1110 2832 (quibus
1125 2760 1243 2816 tamen
1258 2753 1367 2833 prius,
1384 2762 1423 2816 ut
1437 2762 1491 2816 est
1507 2754 1618 2816 mulie·

399 2875 477 2922 rum
491 2867 630 2936 natura,
647 2875 738 2938 quae
753 2859 930 2922 vanitates
944 2868 980 2922 et
990 2875 1139 2940 pompas
1150 2857 1283 2938 fovent,
1301 2876 1523 2941 summopere
1536 2861 1618 2922 dele·
1677 2895 1678 2938 ,

397 2965 599 3042 ctabantur)
619 2975 657 3029 ut
680 2975 823 3046 torques
844 2975 948 3046 atque
970 2967 1119 3029 annulos
1137 2963 1295 3029 vendant
1315 2983 1384 3046 quo
1410 2967 1618 3046 pauperibus
1676 2969 1677 3024 l

395 3071 622 3136 subveniant?
641 3071 744 3138 Nunc
758 3071 851 3136 enim
866 3071 1007 3136 Christo
1022 3072 1169 3136 libenter
1188 3070 1351 3151 offerunt,
1369 3090 1460 3152 quae
1474 3073 1571 3154 prius
1586 3085 1618 3133 ut
1675 3045 1676 3108 ¹

395 3197 434 3242 se
449 3179 579 3242 mundo
595 3187 825 3258 ostentarent,
841 3178 972 3242 habere
987 3187 1212 3258 curaverant,
1229 3187 1265 3241 et
1278 3189 1424 3260 propter
1444 3178 1616 3244 Christum

394 3295 635 3364 contemnunt,
657 3302 747 3366 quae
762 3295 909 3365 propter
923 3285 1092 3349 mundum
1107 3285 1321 3364 dilexerant;
1343 3295 1380 3347 ut
1400 3303 1549 3365 quarum
1572 3303 1617 3346 re-

395 3409 474 3456 rum
485 3409 606 3454 amore
621 3401 726 3454 antea
742 3390 905 3454 Creatori
919 3408 983 3454 suo
1004 3391 1266 3471 displicuerant,
1289 3408 1413 3454 earum
1434 3409 1524 3457 nunc
1540 3410 1614 3453 con-

395 3509 530 3579 temptu
554 3498 604 3560 illi
628 3500 770 3579 placere
790 3499 939 3578 possint;
961 3515 1026 3560 nec
1051 3499 1145 3562 enim
1165 3507 1248 3562 tunc
1265 3498 1396 3561 mundo
1418 3499 1466 3562 ita
1488 3498 1616 3562 confor-

394 3605 485 3668 mari
500 3605 732 3683 conabantur,
746 3613 850 3684 atque
865 3622 958 3667 nunc
971 3603 1111 3667 Christo
1124 3623 1162 3668 se
1174 3604 1307 3668 similes
1322 3605 1470 3668 reddere
1481 3615 1614 3668 conten-

393 3712 498 3774 dunt:
513 3711 732 3776 orationibus
744 3711 929 3792 diligenter
942 3721 1088 3792 vacant;
1103 3730 1124 3774 a
1137 3709 1279 3790 jejuniis
1296 3729 1382 3774 vero
1399 3729 1505 3792 saepe
1521 3729 1614 3790 opor-

394 3827 443 3880 tet
465 3835 526 3880 eas
548 3835 570 3880 a
594 3817 820 3881 confessariis
840 3818 1037 3898 prohiberi,
1058 3817 1184 3898 quibus
1202 3818 1253 3881 ita
1274 3817 1452 3896 obediunt,
1478 3827 1515 3880 ut
1534 3819 1616 3880 nihil

391 3924 460 3988 sibi
470 3925 575 3987 licere
587 3924 789 3987 existiment
801 3923 895 4006 quod
905 3924 955 3986 illi
967 3941 1039 3988 non
1049 3923 1287 3987 concesserint
1300 3933 1361 3989 aut
1368 3923 1613 4006 prohibuerint,

393 4032 525 4095 multae
552 4048 638 4094 vero
663 4049 765 4112 quae,
793 4040 831 4093 ut
857 4031 1073 4094 ornamentis
1096 4030 1336 4110 abundarent,
1363 4030 1522 4094 manibus
1547 4031 1615 4091 suis

394 4137 527 4218 aliquid
542 4137 609 4201 sibi
623 4155 751 4218 parare
771 4137 974 4216 studebant,
997 4155 1091 4200 nunc
1106 4136 1258 4217 cbristo,
1278 4155 1373 4202 nunc
1395 4137 1612 4218 pauperibus,

393 4259 489 4306 nunc
504 4244 664 4306 ecclesiis
678 4245 852 4308 laborant.
870 4242 963 4322 Quot
984 4245 1077 4308 enim
1092 4243 1235 4308 fuerunt
1254 4260 1346 4323 quae
1364 4243 1539 4308 bombices
1558 4261 1612 4304 nu·

397 4349 558 4426 trierunt,
585 4359 623 4412 ut
642 4351 823 4431 haberent,
845 4359 906 4412 aut
931 4349 1025 4430 quod
1049 4350 1263 4431 pauperibus
1288 4351 1530 4432 elargirentur,
1558 4361 1612 4410 aut

393 4455 486 4518 unde
502 4456 645 4535 aliquod
659 4458 819 4520 ecclesiis
835 4464 1082 4521 ornamentum
1096 4455 1327 4520 conficerent!
1343 4456 1484 4521 Nobiles
1502 4466 1611 4518 autem

396 4562 484 4624 istae
500 4570 630 4624 suntet
645 4562 784 4642 divites,
801 4563 928 4644 quibus
943 4562 1044 4626 facile
1059 4563 1284 4644 permittitur,
1302 4571 1340 4626 ut
1355 4581 1398 4628 ea
1411 4563 1456 4629 ad
1468 4564 1610 4644 gloriam

392 4667 460 4730 Dei
475 4666 661 4732 conterant
676 4680 710 4733 et
726 4668 859 4734 saciant
875 4687 965 4750 quae
975 4669 1075 4750 prius
1091 4669 1137 4732 ad
1156 4670 1261 4751 hujus
1281 4671 1416 4734 saeculi
1427 4670 1609 4734 vanitatem
