3378 5530
792 470 960 530 errenne
980 487 1250 538 ouaumuesrnes

464 1499 500 1556 P.
516 1495 640 1556 Paulus
653 1497 686 1556 d'
701 1497 842 1555 Achillis

500 1594 593 1653 Patri
606 1594 735 1668 ignatio
748 1594 789 1652 de
799 1593 938 1667 Loyola.

534 1691 709 1764 Panormo,
725 1689 965 1765 aseptembris
980 1691 1046 1748 lubi
1064 1692 1083 1746 ¹.

846 1978 982 2061 Jnsus
1001 1982 1023 2053 †
1044 1977 1197 2042 unam

468 2221 592 2285 Gratia
607 2229 642 2284 et
657 2238 728 2300 pax
742 2220 887 2284 Domini
900 2219 1019 2284 Nostri
1033 2220 1118 2301 Jesu
1133 2219 1266 2284 Christi
1279 2236 1419 2299 semper
1435 2221 1589 2284 abundet
1602 2225 1634 2282 in

407 2327 577 2398 cordibus
590 2327 733 2390 nostris.
749 2326 877 2392 Amen.

466 2433 536 2496 Pro
556 2450 654 2496 more
676 2450 698 2495 a
719 2435 837 2498 multis
856 2433 1036 2498 mensibus
1051 2443 1138 2511 ate,
1162 2432 1407 2496 colendissimc
1427 2432 1545 2511 Pater,
1565 2451 1632 2495 non

407 2539 522 2603 minus
540 2540 722 2619 pie.quam
736 2540 928 2620 prudenter
947 2540 1117 2618 instituto,
1138 2557 1271 2617 eorum,
1288 2557 1378 2619 quae
1396 2540 1433 2602 in
1448 2540 1518 2604 hac
1537 2542 1632 2616 urbe,

407 2663 469 2726 per
489 2662 561 2724 eoS,
585 2647 646 2725 qui
664 2664 703 2709 se
722 2655 815 2710 totos
834 2645 1085 2712 Sanctissimae
1104 2647 1188 2729 Jesu
1212 2644 1381 2709 Societati
1399 2646 1633 2714 devoverunt.

406 2751 503 2815 Deus
517 2751 679 2833 Optimus
692 2752 871 2817 Maximus
884 2755 940 2817 his
959 2763 1111 2835 quatuor
1125 2753 1261 2816 exactis
1275 2753 1437 2834 proxime
1453 2755 1631 2818 mensibus

406 2859 545 2938 operari
560 2858 807 2938 dignatusest,
822 2861 997 2924 rationem
1010 2859 1224 2938 redditurus,
1238 2877 1259 2922 a
1272 2859 1433 2940 prosectu
1448 2861 1632 2940 discipulo-

405 2982 494 3044 rum,
511 2965 610 3046 cujus
623 2984 689 3029 nos
703 2968 884 3047 poenitere
900 2986 969 3031 non
984 2977 1111 3049 potest,
1128 2966 1384 3048 auspicandum
1396 2968 1532 3030 censui.

465 3071 596 3144 Omnes
615 3073 791 3155 discipuli,
813 3092 963 3155 quorum
988 3074 1154 3155 frequens
1180 3090 1319 3154 semper
1342 3083 1396 3136 est
1421 3074 1467 3136 ad
1492 3087 1634 3137 nostras

405 3180 545 3242 scholas
560 3188 595 3243 et
606 3197 816 3244 numerosus
830 3199 1036 3261 concursus
1054 3199 1118 3244 sex
1133 3180 1314 3244 ordinibus
1330 3197 1372 3242 ac
1387 3182 1499 3243 veluti
1514 3183 1632 3243 classi-

404 3285 469 3347 bus
483 3284 670 3365 distributi,
686 3287 755 3351 Dei
770 3287 903 3369 Optimi
917 3288 1065 3352 Maximi
1084 3303 1241 3364 munere,
1256 3287 1302 3349 ad
1317 3303 1420 3349 omne
1435 3287 1635 3350 virtutisne

404 3392 611 3457 eruditionis
635 3410 750 3473 genus
774 3410 926 3474 magnos
953 3411 1167 3475 progressus
1192 3393 1346 3473 quotidie
1370 3391 1518 3457 faciunt.
1544 3393 1634 3457 Nam

404 3511 653 3581 praeceptores
678 3504 774 3566 omni
799 3503 907 3566 animi
932 3501 1157 3566 contentione
1177 3501 1341 3564 laborant
1363 3510 1400 3563 ut
1423 3519 1495 3565 non
1521 3505 1634 3566 solum

403 3606 585 3684 doctrinae
599 3608 746 3688 semina,
763 3609 825 3672 sed
840 3609 995 3690 pietatiS,
1013 3609 1108 3672 omni
1123 3625 1261 3671 morum
1280 3607 1460 3687 pravitate
1478 3608 1630 3688 (quaein

403 3714 579 3777 nonnullis
591 3716 731 3779 radices
744 3717 849 3780 altius
860 3717 996 3796 egerat)
1008 3715 1168 3794 stirpitus
1176 3717 1310 3792 evulsa,
1322 3715 1409 3777 bene
1418 3716 1525 3778 cultis
1537 3734 1633 3778 man-

404 3820 488 3883 dent
501 3821 640 3885 animis.
658 3822 709 3886 Ita
725 3823 763 3886 fit
777 3832 815 3886 ut
829 3841 901 3886 non
915 3823 1019 3887 modo
1035 3822 1212 3902 corruptis
1231 3838 1369 3901 semper
1384 3822 1518 3901 aliquid
1534 3823 1632 3885 decc-

404 3927 464 3989 dat
479 3928 644 4007 moribus,
663 3930 726 3993 sed
739 3931 786 3994 ad
801 3931 967 3993 virtutem
981 3940 1015 3992 et
1030 3928 1263 3994 eruditionem
1283 3943 1412 4006 magna
1437 3927 1500 3990 fiat
1515 3947 1632 3991 acces-

405 4033 467 4095 sio.
476 4031 664 4098 Potissima
673 4044 792 4100 tamen
802 4035 1015 4116 impenditur
1027 4052 1136 4116 opera
1148 4036 1183 4098 in
1195 4034 1325 4096 teneris
1336 4050 1528 4113 puerorum
1541 4054 1634 4098 men·

405 4138 496 4200 tibus
508 4141 603 4202 omni
614 4157 745 4220 genere
756 4143 898 4223 pietatis
909 4153 944 4204 et
954 4141 1137 4221 religionis
1149 4139 1354 4215 imbuendis;
1368 4156 1433 4201 nec
1446 4148 1522 4202 tam
1533 4158 1633 4220 prae-

404 4244 605 4323 ceptoribus
615 4249 780 4312 videntur
791 4249 1022 4329 promovisse,
1036 4248 1097 4329 qui
1108 4248 1317 4310 dexteritate
1328 4245 1459 4325 ingenii
1472 4247 1635 4311 celeriter

411 4389 613 4407 ᾖ

445 4479 453 4512 ¹
482 4480 669 4538 autographae
680 4487 753 4532 Pauli
763 4488 786 4531 d'
794 4488 905 4532 Achillis
915 4487 1019 4532 litterae
1030 4493 1088 4530 sunt
1101 4487 1195 4531 infolio
1207 4486 1300 4540 duplici
1311 4485 1371 4529 olim
1377 4486 1417 4528 369
1427 4493 1453 4530 et
1462 4487 1512 4536 370.
1523 4500 1590 4534 nnnc
1601 4493 1634 4532 uu.

405 4549 500 4604 Aliqua
515 4553 540 4596 in
558 4556 595 4598 eis
612 4559 760 4603 emendavit
778 4565 822 4602 ant
840 4560 1004 4603 oblitternlt
1020 4559 1155 4602 Polnncus.
1170 4558 1266 4600 Earum
1281 4563 1365 4600 autem
1383 4558 1419 4601 sic
1435 4561 1633 4606 emendaturum

404 4622 557 4674 exemplum,
567 4636 583 4668 ι
594 4625 621 4669 Ρ.
634 4627 765 4673 Bernardo
776 4629 891 4673 Oliverlo
901 4630 1052 4682 coniectum,
1065 4630 1188 4671 hebemus
1199 4627 1223 4670 in
1235 4628 1301 4671 loliis
1317 4628 1344 4670 36
1353 4634 1379 4670 et
1392 4628 1418 4670 37
1429 4629 1535 4676 Codicis
1547 4635 1635 4677 1551.-

405 4688 456 4731 Nos
467 4692 507 4735 hic
519 4700 696 4753 autographus
707 4703 808 4745 litteras
819 4703 1028 4746 transcribemus.
