3394 5528
374 520 430 578 ibi)
762 519 932 579 erraass
951 535 1220 588 ousoaruasrnss

376 663 610 728 Sacramento
626 682 670 728 en
685 665 769 744 ella,
786 682 831 726 en
846 663 1057 728 hazimiento
1072 665 1115 728 de
1129 663 1290 744 gracias,
1310 683 1334 744 y
1354 665 1547 728 ascribiose
1562 685 1596 728 cn

375 772 408 834 el
422 771 525 835 misal
540 773 572 835 el
586 772 643 835 dia
659 771 751 835 dela
765 789 848 852 paz,
865 771 1027 835 diziendo
1048 789 1116 852 que
1137 772 1228 835 cada
1248 776 1318 836 aiio
1337 772 1410 835 han
1429 770 1476 835 de
1496 773 1599 834 bazer

375 880 480 959 aquei
494 879 554 942 dia
572 877 673 942 fiesta
692 880 846 942 solemne
867 883 888 942 a
907 879 1021 942 honor
1042 898 1066 959 y
1088 879 1201 942 bonta
1224 879 1267 943 dc
1290 877 1397 957 DioS,
1420 897 1489 960 que
1505 889 1597 942 tanto
1688 920 1689 934 η

374 985 455 1048 bien
470 986 521 1050 les
536 985 642 1048 habia
657 985 786 1062 hecho,
810 1002 912 1049 como
938 986 996 1049 dia
1017 985 1061 1048 de
1082 1003 1124 1050 su
1144 985 1374 1064 nacimiento,
1399 1002 1489 1065 pues
1508 1003 1552 1048 en
1573 989 1597 1049 e'l

372 1089 504 1154 habian
517 1092 705 1155 renascido
726 1109 792 1172 por
807 1110 848 1156 su
861 1093 985 1172 gracia
999 1111 1022 1172 y
1038 1093 1243 1158 clemencia.
1265 1090 1321 1156 De
1342 1092 1425 1154 todo
1449 1109 1489 1156 se
1511 1093 1555 1156 dc
1570 1097 1596 1156 la
1688 1119 1689 1124 ¹

373 1198 489 1276 gloria
504 1202 525 1260 a
540 1199 574 1261 la
591 1198 710 1262 divina
725 1197 923 1278 Mugestad.

928 1839 1032 1923 LIV

368 2205 370 2210 ·
422 2183 457 2242 P.
471 2183 698 2258 Hieronymus
715 2183 905 2244 Domenech

457 2283 547 2342 Patri
562 2284 691 2358 ignatio
705 2283 745 2341 de
761 2283 899 2355 Loyoia.

401 2417 403 2428 ·
493 2379 670 2453 Panormo,
687 2381 721 2438 15
735 2380 908 2438 Februarii
922 2377 991 2436 tino
1005 2379 1026 2434 ¹.

946 2601 1019 2718 nis

366 2814 447 2871 Copia
466 2817 613 2860 litterarum
637 2815 782 2860 Reverendi
799 2807 933 2868 Patrisb.
955 2814 1086 2870 Jeronymi
1104 2813 1251 2860 Dumenecb
1273 2813 1394 2860 Panormi
1417 2815 1445 2858 15
1460 2813 1596 2858 Februarii

405 2888 561 2942 scriptarum
581 2888 613 2931 ad
631 2898 703 2932 suum
717 2886 743 2930 in
763 2885 866 2930 Christo
883 2885 986 2930 Patrem
1002 2885 1181 2930 Reverendum
1192 2885 1298 2930 Patrem
1315 2885 1346 2930 D.
1357 2884 1489 2942 ignatium
1500 2883 1595 2928 Rornae

365 2969 367 2975 ·
405 2965 534 3014 agentem.

423 3119 548 3184 Gratia
564 3119 708 3184 Domini
720 3120 845 3196 nostri,
862 3130 928 3181 etc.

362 3269 365 3282 .
421 3224 588 3289 Debitum
604 3225 838 3302 obedientiae,
856 3243 925 3305 qua
940 3233 1066 3304 quarto
1082 3241 1220 3305 quoque
1239 3240 1360 3288 mense
1375 3223 1532 3288 scribere
1546 3235 1595 3286 te·

360 3349 485 3406 ¹nemur
499 3351 559 3412 ea,
572 3349 662 3413 quae
677 3330 850 3396 Dominus
872 3349 934 3411 per
948 3329 1163 3394 Societatem
1180 3339 1341 3394 nostram
1357 3338 1412 3393 est
1426 3341 1599 3410 operatus

355 3439 488 3508 ‚horum
502 3440 672 3524 nobilium
685 3438 820 3516 favore,
837 3437 897 3518 qui
911 3438 1012 3500 nobis
1028 3453 1134 3517 quam
1150 3436 1304 3500 maxime
1319 3435 1540 3516 profuerunt,
1560 3449 1597 3499 et

359 3546 476 3609 adhuc
491 3557 641 3626 prosunt
656 3546 893 3622 declarantes,
916 3554 953 3606 ut
972 3541 1124 3606 Vestrae
1144 3541 1379 3606 Reverentiae
1398 3561 1463 3624 per
1477 3544 1597 3606 solva-

357 3669 451 3731 mus,
471 3653 672 3716 scribuntur
685 3653 839 3730 litterae,
856 3667 936 3714 cum
955 3650 1092 3713 Rev,dus
1107 3649 1213 3714 Pater
1227 3650 1372 3732 Laynez
1382 3668 1448 3731 per
1464 3651 1598 3714 nimias

357 3759 609 3839 occupationes
625 3759 659 3821 id
674 3768 858 3838 praestare
872 3768 1034 3837 nequeat.

358 3913 361 3922 ,
417 3863 609 3946 Postquam
624 3865 787 3928 undecim
801 3863 813 3894 ²
828 3865 877 3929 iiii
891 3865 1035 3942 fratres,
1052 3863 1112 3944 qui
1126 3863 1229 3926 istinc
1244 3871 1428 3942 venerant,
1445 3864 1515 3927 buc
1531 3882 1594 3942 ap-

397 4033 405 4065 ¹
421 4031 490 4076 'iias
505 4033 751 4087 litterasbispsnice
763 4044 779 4076 a
789 4029 962 4075 Domeneebio
977 4032 1089 4084 scriptas
1106 4031 1174 4074 bsnd
1195 4030 1354 4082 dubitamus,
1365 4030 1411 4074 sed
1426 4028 1597 4085 hispanicum

354 4103 545 4157 'autographum
555 4104 588 4146 ad
598 4113 644 4146 nos
654 4113 733 4158 nsque
744 4113 794 4146 nou
804 4104 931 4157 pervenit.
942 4101 1073 4146 Habemus
1085 4109 1172 4146 tanen
1182 4099 1377 4156 adversarium,
1387 4099 1492 4146 Poisuci
1509 4101 1598 4156 ipsius

354 4184 432 4236 manu
447 4173 620 4226 emendatum,
636 4175 762 4218 versionis
773 4173 870 4218 istim
889 4174 913 4217 in
930 4173 1002 4227 iolio,
1014 4175 1053 4217 cui
1072 4174 1097 4216 in
1114 4174 1223 4228 pristino
1233 4173 1345 4218 multivii
1356 4173 1445 4217 ordine
1456 4173 1595 4226 obtigerat

355 4255 424 4288 nnus.
433 4243 466 4292 w.
477 4255 543 4288 nunc
555 4250 641 4288 sutem
652 4245 685 4287 11.
1548 4285 1557 4294 ,

384 4315 407 4348 '⁸
435 4311 556 4369 liscum
574 4315 605 4358 de
623 4325 728 4360 numero
746 4327 843 4370 eornm,
862 4318 904 4370 qui
921 4317 996 4370 primi
1014 4316 1039 4360 in
1056 4315 1269 4360 Panormitsnusn
1284 4314 1428 4370 Collegium
1441 4315 1477 4359 sb
1486 4312 1599 4369 ignatio

355 4386 426 4454 missi
438 4387 720 4440 sunt„controvessisns
730 4394 818 4432 movet
828 4389 962 4442 Aguiiers.
974 4395 1000 4430 et
1011 4387 1111 4441 quidem
1128 4387 1287 4432 auctoritate
1304 4385 1383 4432 trium
1398 4385 1598 4430 vetustissimo-

356 4449 414 4501 run's
423 4449 539 4502 codicum
550 4448 676 4510 suffultus,
687 4459 727 4504 bis
737 4457 833 4503 verbis:
845 4458 944 4514 ltaque,
956 4457 1079 4503 inclinato
1088 4459 1141 4513 jsm
1153 4455 1311 4513 Septembri,
1322 4469 1336 4500 e
1346 4457 1445 4502 nostris
1454 4455 1598 4500 duodecim

354 4527 509 4582 Psno'rnssru
520 4529 643 4583 subsilere
652 4559 657 4581 ,
667 4539 717 4572 non
728 4539 790 4573 vero
801 4529 842 4573 isis
851 4531 998 4585 psuciores3
1007 4539 1067 4574 nsns
1077 4532 1119 4583 qni
1130 4539 1223 4574 noveru
1232 4529 1344 4584 primun
1354 4529 1458 4572 venisse
1468 4527 1582 4571 trsdidir
1593 4563 1599 4576 ,

352 4599 788 4664 nequehvetustissimsdocumenta
798 4602 934 4655 consuluit,
945 4612 1026 4656 neque
1044 4612 1102 4644 cum
1119 4601 1227 4646 Bsrtoio
1237 4606 1371 4653 consoust,
1388 4610 1419 4644 eo
1434 4599 1464 4644 de
1480 4609 1601 4643 numero

351 4664 459 4715 disserte
471 4663 612 4716 statuente.
623 4663 651 4713 iu
662 4671 763 4723 quidem
773 4683 803 4716 eo
813 4665 951 4728 contigisse
962 4667 1086 4726 arbitror,
1101 4673 1166 4725 quod
1184 4671 1209 4716 in
1226 4672 1339 4726 antiquis
1351 4671 1481 4715 codicibus
1492 4681 1598 4713 norem

349 4743 489 4786 dunusst
503 4741 634 4796 cupressis
651 4743 793 4787 nominibus
810 4751 973 4796 censesntur;
991 4752 1045 4787 tres
1062 4755 1124 4788 vero
1142 4743 1234 4798 retiqui
1252 4742 1424 4797 dissimuletis
1442 4741 1601 4787 numinibus
