3400 5532
371 535 425 593 326
755 532 926 591 erranaa
945 545 1216 597 ouanaruasraas

369 697 414 741 ne
440 678 491 740 sic
511 675 652 756 quidem
673 677 834 740 omnibus
854 676 997 754 satisfit,
1023 677 1108 756 quin
1127 675 1246 756 plures
1268 683 1389 755 optent
1410 683 1446 737 et
1465 683 1604 755 petant.

368 785 487 864 Auget
511 784 618 846 etiam
642 800 714 846 non
738 799 864 863 parum
889 782 1040 846 fratrum
1061 791 1209 845 externa
1229 783 1477 858 conversatio,
1501 781 1605 844 multi

370 891 543 970 siquidem
558 891 640 954 hinc
653 888 834 970 juvantur3
851 899 885 952 et
904 890 1067 970 quamvis
1086 890 1201 970 primo
1221 889 1308 952 satis
1329 889 1531 969 pertinaces
1553 890 1605 949 vi·

369 999 530 1073 deantur,
552 999 658 1077 paulo
677 1005 757 1077 post
776 1005 895 1060 tamen
916 996 1020 1060 unius
1039 995 1186 1059 horulae
1207 995 1322 1075 spatio
1342 995 1466 1058 mirari
1485 996 1606 1074 possis

370 1122 477 1184 quarn
492 1103 595 1166 facile
609 1114 800 1182 mutentur,
817 1113 851 1166 et
867 1105 957 1166 alius
972 1103 1112 1184 quidem
1127 1102 1244 1180 ludoS,
1263 1103 1352 1166 alius
1367 1120 1454 1166 vero
1474 1119 1604 1164 concu-

370 1211 490 1274 binam
504 1211 540 1273 in
555 1220 735 1290 posterum
749 1228 787 1274 se
802 1211 1030 1274 dimissurum
1043 1209 1227 1290 promittat
1242 1219 1276 1273 ct
1296 1209 1341 1272 ad
1363 1209 1605 1272 confitendum

370 1315 595 1398 perducatur.
610 1316 698 1382 Sunt
713 1336 801 1381 vero
814 1319 874 1398 qui
887 1319 955 1382 hoc
969 1319 1130 1382 iecerunt
1144 1335 1214 1381 non
1229 1317 1344 1397 pauci,
1357 1316 1418 1397 qui
1431 1325 1467 1379 et
1483 1333 1604 1397 perse-

370 1434 497 1487 verant
515 1442 620 1505 saepe
642 1423 812 1488 confiteri.
833 1425 1040 1488 Inimicitiae
1058 1425 1127 1487 hac
1148 1424 1208 1486 via
1229 1425 1321 1487 inter
1338 1425 1529 1487 nonnullos
1552 1442 1605 1484 se-

373 1531 488 1593 datae.
510 1530 602 1594 Aliis
621 1531 742 1594 datum
767 1532 953 1595 consilium
977 1542 1032 1611 ut,
1059 1532 1183 1612 positis
1203 1531 1312 1594 armis
1330 1531 1471 1608 ferreiS,
1494 1547 1606 1592 unum

370 1637 508 1701 hostem
523 1639 802 1718 impugnandum
817 1639 885 1702 sibi
900 1639 936 1702 in
957 1638 1113 1702 animum
1134 1639 1355 1715 inducerent,
1380 1638 1604 1700 daemonem.

372 1744 409 1807 ln
424 1761 572 1822 summa,
590 1745 720 1823 singuli
736 1745 856 1809 divina
871 1746 989 1825 gratia
1004 1745 1041 1808 in
1056 1745 1169 1808 officio
1185 1753 1278 1808 sunt.

430 1850 504 1913 Nec
519 1852 576 1914 ille
592 1853 745 1932 quidem,
759 1853 819 1932 qui
834 1853 973 1915 emendi
984 1852 1187 1915 necessaria
1200 1851 1310 1915 victui
1325 1868 1449 1915 curam
1461 1849 1568 1913 habet
1583 1847 1604 1926 ¹,

372 1967 526 2037 vagatur
549 1976 613 2038 per
636 1960 760 2021 urbem
786 1959 971 2035 inutiliter;
993 1959 1056 2022 sed
1076 1968 1111 2021 et
1130 1958 1267 2038 aliquos
1286 1957 1429 2020 adducit
1451 1957 1486 2019 in
1505 1966 1602 2024 rete.

371 2064 549 2144 Planeque
568 2066 618 2127 ita
637 2066 712 2128 noti
733 2065 807 2145 jam
832 2082 949 2128 mores
968 2066 1083 2128 nostri
1103 2066 1265 2128 omnibus
1284 2075 1333 2144 ut,
1355 2065 1495 2144 quoties
1516 2064 1606 2126 urbe

371 2172 585 2251 egredimur,
599 2173 629 2234 si
640 2172 700 2253 qui
713 2172 804 2234 forte
819 2172 856 2235 in
866 2174 979 2253 pratis
990 2173 1123 2252 ludant,
1138 2173 1240 2236 nobis
1253 2171 1465 2252 conspectis,
1481 2171 1606 2233 statim

373 2297 411 2341 se
426 2279 461 2341 in
476 2278 599 2356 fugam
614 2288 773 2359 vertant,
790 2297 1056 2360 nonnumquam
1071 2279 1178 2342 etiam
1192 2279 1331 2342 omissis
1346 2279 1514 2354 nummis,
1531 2279 1605 2357 pal-

376 2386 432 2448 liis
446 2395 481 2448 et
497 2387 651 2465 ensibus,
667 2387 759 2449 unde
775 2396 809 2449 et
823 2386 1011 2450 redeuntes
1026 2388 1224 2468 capiuntur.

433 2491 574 2570 Quanta
590 2494 635 2556 sit
649 2493 707 2555 hic
721 2491 910 2557 Societatis
924 2495 1119 2557 auctoritas
1133 2504 1373 2575 quantumque
1388 2492 1606 2572 integritatis

375 2615 519 2676 nomen,
533 2598 608 2678 jam
621 2609 705 2679 puto
721 2601 809 2663 alias
824 2601 994 2680 scriptum
1009 2618 1097 2663 esse.
1115 2599 1289 2680 Quoniam
1304 2609 1422 2663 tamen
1444 2600 1513 2661 hoc
1535 2617 1607 2660 non

375 2715 449 2768 tam
463 2723 483 2768 e
498 2707 596 2785 vulgi
610 2708 784 2770 sententia
800 2724 906 2787 quarn
921 2724 967 2770 ex
980 2708 1209 2787 probatorum
1223 2708 1382 2771 virorum
1403 2706 1607 2769 testimonio

374 2812 459 2876 sciri
473 2813 648 2892 conducit,
664 2813 793 2876 addam
808 2813 901 2895 quod
916 2813 1039 2894 paucis
1054 2824 1136 2877 ante
1151 2814 1273 2877 diebus
1289 2814 1428 2876 accidit.
1442 2812 1608 2892 Quinque

374 2920 443 2983 viri
458 2919 631 2999 religiosi,
646 2930 719 2984 tres
734 2920 967 2998 dominicani,
985 2922 1054 2984 duo
1069 2920 1301 2999 franciscani,
1319 2937 1389 2983 una
1411 2921 1607 2998 eademque

374 3027 430 3088 die
446 3036 480 3090 et
494 3029 582 3091 hora
598 3029 644 3090 ad
658 3045 724 3091 nos
738 3039 928 3106 venerunt,
945 3030 1166 3109 postulantes
1181 3028 1249 3090 sibi
1262 3027 1332 3106 legi
1347 3027 1492 3107 aliquid.
1508 3025 1604 3089 Pete·

374 3135 458 3196 bant
472 3144 591 3198 autem
606 3134 666 3198 alii
680 3135 867 3198 hebraicas
878 3136 1025 3214 litteras,
1041 3136 1101 3198 alii
1112 3136 1340 3213 theologiam.
1352 3134 1472 3197 Multis
1488 3143 1608 3196 autern

374 3242 467 3304 ultro
481 3242 642 3321 citroque
656 3241 777 3304 mixtis
793 3242 1025 3319 sermonibus,
1047 3251 1130 3305 tunc
1149 3241 1456 3305 franciscanorum
1477 3241 1606 3317 senior,

375 3349 600 3428 septuaginta
617 3349 727 3412 ferme
744 3365 857 3412 annos
872 3357 993 3427 natus,
1010 3349 1210 3428 theologiae
1231 3349 1393 3411 doctrina
1414 3358 1448 3410 et
1468 3349 1609 3410 concio·

375 3456 482 3518 nandi
496 3455 665 3519 facultate
679 3456 880 3535 insignitus,
900 3456 1052 3520 “nullum
1067 3472 1144 3535 ego,
1159 3456 1282 3537 inquit,
1298 3454 1482 3518 hominum
1496 3471 1610 3534 genus

376 3561 431 3623 his
455 3562 529 3624 vidi
554 3564 688 3625 melius
718 3562 864 3626 Utinam
883 3580 1134 3643 repuerascere
1156 3563 1242 3625 mihi
1262 3563 1384 3624 liceret
1404 3578 1475 3640 quo
1497 3563 1609 3624 vitam

377 3684 448 3729 una
469 3685 549 3730 cum
570 3669 625 3732 his
650 3670 920 3747 transigerem,
947 3669 1057 3732 Paulo
1077 3678 1158 3750 post
1178 3687 1281 3748 ver0,
1303 3668 1609 3731 dominicanorum

379 3775 479 3853 alter,
498 3775 656 3854 “cense0,
674 3776 800 3857 inquit,
821 3774 1022 3855 hujusmodi
1042 3777 1202 3839 homines
1222 3777 1344 3838 beatos
1363 3793 1459 3854 esse,
1484 3776 1610 3856 quibus

380 3880 467 3942 nihil
492 3881 590 3945 deest
616 3884 662 3945 ad
686 3883 880 3963 perfectam
904 3883 1171 3963 disciplinarum
1195 3882 1454 3961 cognitionem,
1480 3882 1608 3961 quique

380 3986 495 4050 Deum
514 3988 658 4068 docent,
679 3990 738 4071 qui
760 3999 814 4052 est
833 3991 910 4070 ipsa
930 3990 1111 4070 perfectio.
1131 3990 1273 4070 Nosque
1295 3989 1496 4052 fortunatos
1520 3987 1607 4051 arbi·

380 4103 466 4173 tror,
484 4095 610 4177 quibus
625 4097 773 4175 contigit
787 4095 985 4175 hujusmodi
1000 4095 1124 4159 Patres
1139 4096 1175 4158 in
1190 4105 1312 4159 nostra
1326 4096 1459 4158 habere
1479 4095 1606 4157 vicinia

383 4211 479 4274 inam
505 4201 596 4264 inter
620 4210 780 4265 nostram
805 4203 1014 4283 illorumque
1040 4204 1183 4266 domum
1208 4204 1284 4265 sola
1313 4201 1499 4265 intercedit
1524 4202 1604 4274 viat,

382 4325 531 4386 quorum
550 4325 688 4371 summa
702 4318 755 4371 est
770 4308 973 4385 affabilitas
995 4310 1152 4373 charitas
1174 4318 1208 4372 et
1227 4309 1445 4388 humanitaS,
1469 4317 1503 4371 et
1524 4325 1607 4386 erga

381 4431 503 4478 omnes
517 4424 701 4494 promptus
714 4426 929 4497 paratusque
943 4418 1082 4480 animus
1097 4433 1267 4496 semper„.
1281 4416 1347 4479 Hic
1363 4433 1450 4478 vero
1465 4424 1500 4478 et
1516 4416 1607 4496 theo-

424 4678 433 4710 ¹
463 4679 516 4723 Nec
526 4682 685 4734 expenditor
696 4683 755 4736 ipse
766 4683 906 4736 scripserat
918 4683 941 4724 V
945 4685 1050 4736 inclitis,
1063 4684 1107 4727 scd
1120 4683 1214 4726 rectius
1230 4683 1368 4726 Polancus:
1387 4682 1432 4724 illc
1447 4681 1553 4735 quidem
1564 4681 1610 4732 qne'

382 4753 492 4794 canendi
505 4764 660 4795 necessaria
671 4755 756 4797 victui
766 4765 859 4797 curam
870 4755 955 4798 habet.
