935 1458
317 354 371 381 AD
388 343 602 381 LECTOREM

183 522 235 538 Anno
244 522 290 541 15⁴0,
298 526 333 542 quo
340 526 372 542 per
379 522 450 538 diversa
460 522 521 538 Italiae
531 523 578 541 loca,
587 522 609 538 ad
618 522 688 538 vineam
695 522 766 538 Domini

150 551 275 571 excolendam,
292 551 367 571 dispersi
384 553 424 567 suut
441 551 536 567 Societatis
549 555 571 567 eo
584 553 664 571 tempore
677 551 767 567 nascentis

152 580 222 600 Patres,
233 580 267 596 hoc
277 580 303 595 eis
313 580 358 595 inter
369 580 404 595 aliu
415 584 426 595 a
437 579 532 600 Superiore
544 584 576 596 suo
588 580 658 600 Ignatio
670 579 767 600 injunctum

150 612 178 625 est
184 621 187 629 ‚
195 611 214 625 ut
221 608 296 625 Romam
303 609 378 629 singulis
383 609 523 625 hebdomadibus
529 609 597 625 litteras
602 609 697 629 mitterent,
704 609 722 625 in
730 609 765 629 qui-

152 638 184 654 bus
191 638 233 658 quid
241 642 272 658 per
279 642 310 654 eos
317 638 404 654 Dominus
414 640 492 658 gereret,
503 638 581 654 breviter
591 638 622 654 sed
632 638 707 654 dilucide
717 642 767 654 enar-

152 669 212 683 rarent
220 667 272 687 (Vide
282 667 347 683 Cartas
353 671 366 686 y
373 668 424 683 atros
438 667 514 683 escrttos
523 667 551 683 del
561 667 584 683 Β.
595 667 657 683 Padre
664 667 725 683 Pedro
733 667 767 683 Fa*

151 697 183 712 hro
188 709 192 715 ,
206 696 284 717 passim).
297 696 365 712 Verum
377 699 430 712 aucto
443 696 536 712 Sociorum
550 701 623 712 numero
628 709 632 716 ,
645 696 676 717 qui
688 701 724 712 nun
736 701 767 716 per

152 725 213 742 Italiae
221 725 285 745 solum,
294 725 325 741 sed
332 725 386 741 etiam
393 725 505 745 Germaniae,
513 725 614 744 Flandriae,
622 725 697 745 Galliae,
705 725 767 746 Hispa-

152 755 200 774 niaey
211 754 339 774 Portugalliae,
350 754 429 774 Siciliae?
441 755 494 770 immo
505 757 522 770 et
535 754 607 770 Africae
620 757 636 770 et
649 754 709 770 Indiae
721 755 766 774 locay

152 783 238 803 dispertiti
251 786 310 803 erant,
323 783 392 799 difficile
405 783 500 799 admodum
510 783 589 803 pluribus
601 783 634 799 fuit
646 786 682 799 tam
695 784 768 799 crebras

152 812 230 828 scribere
237 812 306 828 litteras
313 816 378 832 easque
386 812 460 828 Romam
468 815 535 828 statuto
542 815 621 832 tempore
627 812 704 832 mittere;
712 816 767 832 quare

152 842 201 861 prius
208 844 322 862 praeceptum
330 841 435 861 temperavit
443 841 530 861 ignatius,
539 841 602 861 jubens
613 845 682 860 omnes,
691 841 720 861 qui
728 845 766 861 pro-

152 871 252 886 vinciarum
259 871 288 886 vel
292 871 412 890 collegiorum,
419 871 447 886 vel
452 870 612 890 congregationum
617 874 767 890 quarumcumque

152 899 252 919 Societatis,
263 904 309 920 quae
317 899 392 916 duorum
401 904 494 915 numerum
503 899 605 919 excederet,
613 899 727 919 Praepositos
737 899 766 915 vel

152 928 243 947 Rectores,
249 929 278 944 vel
283 933 394 949 quocumque
399 929 470 944 nomine
476 928 585 948 Superiores,
593 933 624 944 eos
629 928 705 948 quidem.
711 928 741 949 qui
748 929 766 944 in

153 957 202 973 [talia
210 958 239 973 vel
245 957 311 977 Sicilia,
318 958 393 977 singulis
401 957 524 977 hebdomadis,
533 961 563 973 eos
571 962 621 977 vero,
632 958 662 977 qui
669 957 687 973 in
694 957 766 973 Germa-

152 986 191 1006 nia,
199 986 289 1006 Flandria,
297 986 361 1006 Gallia,
370 987 456 1007 Hispania
464 991 485 1002 ac
493 986 611 1006 Portugania,
622 986 696 1007 singulis
703 986 765 1002 meusi-

152 1015 193 1035 busy
201 1020 233 1031 eos
240 1018 299 1032 autem
304 1016 358 1035 quiin
365 1016 489 1031 remotissimis
496 1015 556 1031 Indiae
561 1015 664 1035 regionibus
670 1015 765 1031 versaban-

152 1047 188 1064 tur,
195 1044 269 1064 singulis
275 1044 326 1060 annis
331 1049 363 1064 per
369 1049 387 1060 se
394 1045 422 1060 vel
430 1045 475 1060 alios
481 1057 485 1063 ‚
493 1044 568 1060 Romam
574 1044 596 1060 ad
602 1044 725 1064 Praepositum
732 1044 765 1060 Ge-

151 1073 230 1089 nen-alem
239 1073 325 1093 scribere,
336 1076 353 1089 et
364 1073 387 1089 ad
397 1073 465 1089 litteras
476 1073 621 1089 transmittendas
631 1073 765 1089 convenientem

152 1106 214 1118 curam
220 1102 303 1118 adhibere
311 1102 320 1122 (
324 1102 389 1118 Canas
396 1103 418 1118 de
425 1102 463 1118 San
471 1102 483 1118 I
482 1102 557 1122 gnacio,
564 1105 577 1118 t.
585 1107 604 1122 n,
616 1106 645 1122 pp.
655 1102 685 1117 207
695 1104 713 1118 et
722 1101 763 1121 423);

151 1133 169 1146 et
177 1135 199 1147 ne
205 1131 239 1147 hoc
248 1135 292 1147 onus
299 1131 387 1147 scribendi
395 1135 451 1151 grave
459 1131 512 1147 nimis
522 1131 645 1151 Superioribus
655 1131 764 1150 redderetur,

151 1158 213 1174 Statuit
220 1158 245 1177 (a,
255 1158 302 1177 1546)
309 1160 328 1174 ut
336 1158 374 1174 sive
381 1162 412 1178 per
423 1162 441 1174 se
449 1158 487 1174 sive
497 1162 529 1178 per
539 1158 592 1178 alios,
602 1158 665 1178 quibus
675 1158 721 1173 hanc
731 1158 764 1177 ipsi

152 1187 263 1207 provinciam
270 1187 374 1206 tribuerent,
383 1187 467 1207 quidquid
475 1187 499 1202 ad
506 1187 646 1207 aedificationem
650 1187 721 1206 faceret
729 1191 764 1202 non

151 1215 226 1235 singulis
239 1218 270 1231 aut
284 1215 423 1232 hebdomadibus
437 1218 467 1232 aut
481 1216 570 1232 mensibus
583 1216 689 1235 scriberent,
702 1215 734 1231 sed
746 1215 764 1231 in
