935 1458
344 173 375 188 Ax.
387 173 421 188 1550
664 174 693 188 219

80 212 109 228 tas,
116 208 159 224 adeo
166 209 249 229 frequens
255 212 282 225 est
287 209 378 225 hominum
385 212 490 229 conventus,
499 212 517 225 ut
525 214 580 230 prope
587 214 657 230 semper
664 215 690 226 re-

80 236 142 255 pleatur
150 236 236 256 ternplum
243 239 260 252 et
268 236 318 252 multi
326 236 395 256 ingredi
402 240 438 252 non
444 237 524 252 valentes
529 236 620 252 discedere
626 241 692 257 cogan-

80 265 108 278 tur⁴
115 262 209 278 Praeterea
216 263 274 282 coepit
280 265 321 279 ante
327 262 372 279 duos
378 267 453 283 mensesy
460 263 537 283 quolibet
543 263 571 279 die
576 263 626 284 Jovis
633 268 691 283 mane,

80 293 93 304 et
100 289 159 305 diebus
166 289 217 305 sestis
227 294 237 305 a
247 289 328 310 prandio,
336 289 354 305 in
362 289 424 305 eodem
433 290 498 309 templo
508 292 568 305 nostro
578 290 643 310 exponi
653 290 691 306 vita

80 315 116 335 Jesu
122 315 170 336 Xpi.,
177 320 200 332 ex
208 319 285 336 quatuor
291 316 394 336 Evangeliis
400 316 510 336 deprompta,
519 316 537 332 in
545 320 612 332 morem
619 317 691 333 medita-

80 342 131 358 tionis.
143 343 198 363 Apud
206 343 269 359 aedem
275 347 319 359 vero
327 343 447 359 cathedralem
454 343 547 359 dominicis
556 345 597 363 post
606 348 692 363 vesperas

80 372 180 386 enarrantur
187 369 261 390 Psalmi;
270 370 316 386 unde
324 369 423 386 aedificatio
431 372 448 386 et
455 370 524 386 fructus
530 370 617 390 plurimus
624 370 692 391 percipi

81 396 153 413 refertur*
164 396 224 413 Antea
234 397 331 417 praelectio
341 397 394 413 fiebat
406 401 429 412 ex
441 396 489 413 Divo
502 396 557 412 Paulo
569 399 586 413 et
599 397 691 413 doctrinae

81 423 147 443 Xpanae
154 424 249 444 expositio.
258 423 309 440 Alius
317 424 371 439 etiam
380 423 448 439 fructus
455 423 551 443 colligitur;
561 424 608 444 quod
616 423 692 444 juvenes

81 450 128 470 multi,
136 450 158 466 ad
167 451 215 466 hanc
223 453 303 466 nostram
310 450 416 466 Societatem
423 450 482 466 minus
487 450 561 466 idoneos
567 455 606 466 sese
611 450 691 471 judican-

81 481 107 495 tes,
114 477 152 493 aliis
162 477 280 497 religionibus
290 481 309 492 se
319 476 408 496 addicant,
417 479 477 497 utpote
485 476 640 497 Capputiatorum‚
649 477 692 493 Divi

82 504 168 523 Benedicti,
175 504 271 523 Dominici,
279 506 320 523 etc„
328 508 370 519 cum
375 507 440 523 magna
446 504 506 524 populi
512 503 639 520 aedificatione.
648 504 691 520 Ani<

83 535 114 546 mae
125 531 198 551 insuper
211 530 350 551 quamplurimae
362 530 447 550 juvantur
459 535 482 546 ex
496 532 557 546 nostra
572 531 597 549 (ut
610 530 692 550 dicimus)

83 558 170 576 piscatione
178 557 201 573 ab
210 557 340 573 ambulantibus
345 557 411 573 nostris
419 561 450 577 per
455 557 547 573 civitatem
553 559 570 573 et
576 557 691 573 occasionem

83 584 156 600 salutiferi
170 584 233 600 auxilii
243 584 386 604 disquirentibus.
398 583 491 600 Proficitus
501 588 570 604 quoque
579 588 615 600 non
628 588 692 604 parum

84 611 95 626 in
101 611 211 627 monasteriis
218 611 307 626 nonnullis
315 610 422 630 monialium,
431 610 494 630 quibus
502 610 588 626 instanter
596 611 691 627 obsecran-

83 638 124 657 ubus,
131 638 229 654 conciones
237 638 307 657 aliquae
314 637 430 657 destinantur,
438 637 480 653 licet
490 637 584 658 pauciores
591 642 644 658 quarn
655 638 691 653 vel-

84 664 133 683 lemus,
139 667 214 685 propter
220 664 320 683 continuas,
325 668 365 680 curn
371 664 446 680 aliarum
453 668 511 679 rerum
516 666 553 680 tum
558 664 690 680 confessionum

84 695 95 706 in
102 693 159 707 nostro
165 691 232 711 templo
240 690 375 710 audiendarum,
384 690 515 710 occupationes

106 717 122 733 ln
129 718 195 734 scholis
203 717 250 734 idem
257 717 307 737 ordo,
315 717 337 733 de
345 721 380 738 quo
387 717 491 737 scripsimus
498 721 558 733 mense
566 717 616 738 maji,
629 718 689 734 obser-

85 747 126 760 vatus
132 747 165 760 esti
173 744 221 760 Cura
229 746 246 760 et
253 744 344 764 diligentia
353 744 429 764 plurima
439 746 540 764 praestatur
551 745 569 760 in
579 744 690 760 auditoribus

85 771 197 790 provehendis,
204 771 234 791 qui
242 771 316 791 singulis
322 771 412 787 mensibus
417 771 498 787 confiteri
505 773 587 791 pergunt,
594 774 610 787 et
618 775 690 787 moven-

86 800 106 813 lur
112 802 145 814 non
152 798 206 818 pauci
214 800 233 813 ut
243 798 333 813 saecului-n
342 797 451 818 relinquant;
463 802 485 813 ac
495 797 529 813 nisi
539 798 572 813 sub
581 798 615 813 hoc
626 798 691 818 princi-

86 824 122 843 pium
129 825 193 840 domus
200 824 317 844 probationis,
326 824 381 840 satius
388 824 426 840 sore
433 824 491 840 visum
499 827 545 840 esset
553 828 620 844 paucos
628 824 690 840 admit-

86 854 118 869 1ere,
124 851 160 871 jam
167 852 260 871 ingressus
268 853 314 867 esset
322 851 426 867 immodicus
434 855 524 867 numerus.

108 878 151 894 lntra
158 878 253 898 collegium
259 882 282 894 ex
287 878 321 894 Dei
328 878 387 897 gratia
393 877 511 893 obedientiam
518 882 591 894 servare
599 877 690 893 studemus

86 904 172 924 diligenter,
180 909 222 921 eum
230 905 307 925 quadam
314 904 413 920 intellectus
420 904 488 924 proprii
495 904 581 921 caecitate
589 907 606 920 et
614 904 690 924 abnega-

86 931 122 947 tione
128 934 190 947 exacta
197 931 300 950 voluntatis,
307 933 326 947 ut
333 932 351 947 in
356 935 400 951 puro
406 931 469 951 spiritu
475 930 569 947 Societatis
575 931 691 949 ambulemus:

86 961 97 972 ti
104 962 158 978 nuper,
166 958 242 978 majoris
249 958 339 978 profectus
346 962 406 977 causa,
415 958 514 974 cubiculum
522 962 576 973 unum
584 958 606 973 ab
617 957 656 974 aliis
664 962 690 973 re·

87 987 140 1001 motum
147 985 289 1005 assignavimus,
297 985 327 1000 ubi
333 984 404 1004 flagella
411 987 428 1000 et
435 984 493 1000 cilicia
499 987 616 1004 reponuntur,
628 984 692 1004 quibus

86 1012 193 1032 unusquisque
201 1012 230 1031 (ex
237 1011 338 1031 Superioris
345 1014 404 1027 tamen
412 1011 505 1031 permissu)
511 1023 515 1030 ,
527 1011 542 1027 si
549 1011 659 1027 conducibile
666 1011 692 1027 vi>

86 1037 141 1058 dentur,
149 1038 206 1059 possit
214 1038 325 1058 aliquantum
332 1042 404 1054 carnem
414 1042 465 1054 suam
476 1038 545 1054 occulte
555 1038 633 1058 affligere
645 1040 662 1054 et
673 1038 691 1053 in

87 1065 176 1081 senitutem
182 1065 255 1085 spiritus
262 1065 349 1085 redigere;
355 1064 474 1080 conficiendos
480 1064 533 1080 ctiam
539 1065 641 1081 curavimus
646 1064 692 1081 duos

87 1094 109 1106 4ιιιι
116 1094 147 1107 tres
154 1096 218 1108 saccos
225 1096 248 1107 ex
255 1095 320 1111 grossa
328 1091 403 1111 canabe,
412 1093 431 1107 ut
437 1095 483 1107 unus
494 1091 571 1111 quotidie
582 1092 608 1107 sic
620 1091 692 1107 indutus

87 1118 160 1136 pervices
170 1118 231 1134 abluat
240 1118 310 1134 culinae
321 1122 374 1137 vasa,
387 1122 431 1134 coco
441 1118 540 1134 inserviens
550 1118 594 1134 hora
605 1122 640 1134 una
650 1120 691 1138 post

87 1144 134 1160 cibum
144 1147 240 1161 transacta.
254 1145 371 1161 Decrevimus
383 1145 455 1165 insuper
467 1144 529 1161 diebus
541 1145 630 1161 universis
635 1157 639 1164 ,
651 1147 691 1165 post

88 1172 154 1191 corporis
160 1172 282 1190 resectionem.
289 1171 370 1187 conferre
377 1171 423 1187 inter
430 1175 463 1187 nos
471 1171 564 1187 materiam
572 1172 650 1191 aliquam
657 1171 691 1191 spi-

88 1197 154 1214 ritualem
161 1198 278 1218 propositam,
285 1198 307 1214 de
313 1202 347 1218 qua
354 1198 474 1218 unusquisque
480 1198 539 1214 dicere
545 1198 608 1214 debeat
616 1202 639 1213 ex
646 1200 690 1213 tem—

89 1227 122 1242 pore
127 1225 165 1245 quid
172 1225 247 1244 sentiam
256 1225 274 1240 id
281 1224 328 1245 quod
336 1225 386 1241 brevi
393 1229 486 1245 speramus
494 1225 512 1241 in
518 1225 588 1245 praxim
596 1225 689 1240 deducere.

59 1370 66 1406 ι
100 1344 265 1406 ²
