3390 5536
764 497 936 558 Ltrranna
954 515 1223 568 ounnnmnsrnas

430 1639 578 1712 Joannes
592 1641 731 1710 Cancer.

467 1735 521 1796 Ex
533 1739 777 1800 commissione
793 1741 899 1802 Patris
912 1743 1071 1803 Andreae
1085 1743 1285 1812 Galvanelli.

503 1835 596 1896 Patri
609 1838 737 1912 ignatio
751 1839 792 1900 de
805 1840 944 1916 Loyola.

538 1935 689 2010 Patavio‚
706 1937 741 1994 15
752 1937 902 2010 Januarii
919 1939 989 1998 1552
1001 1940 1020 1994 ¹.

961 2202 1035 2320 nis

441 2468 567 2532 Gratia
582 2480 616 2532 et
630 2488 703 2551 pax
723 2469 867 2536 Domini
885 2475 998 2536 nostri
1015 2474 1100 2556 Jesu
1122 2472 1254 2537 Christi
1271 2473 1317 2536 sit
1338 2489 1477 2552 semper
1494 2478 1526 2533 et
1543 2485 1591 2532 au-

285 2587 286 2590 ’
379 2584 507 2654 geatur
521 2576 557 2640 in
572 2586 780 2642 cunctorum
795 2579 971 2644 cordibus.
989 2579 1114 2643 Amen.

444 2681 654 2747 Venerando
668 2684 784 2749 Pater.
801 2685 962 2766 Spatium
975 2687 1231 2766 quadrimestre
1245 2695 1430 2766 peractum
1449 2685 1518 2766 iam
1536 2690 1596 2758 est.

382 2807 463 2853 cum
488 2789 525 2854 P.
553 2791 711 2872 Elpidius
735 2793 747 2824 ³
774 2794 819 2857 ab
843 2794 988 2875 thusce
1013 2794 1317 2858 administratione
1343 2792 1505 2872 Collegi,
1532 2806 1592 2853 non

381 2900 486 2976 plane
501 2899 590 2962 citra
605 2900 763 2964 dolorem
776 2909 950 2981 nostrum,
966 2919 988 2964 a
1002 2900 1043 2964 T.
1060 2901 1098 2964 P.
1112 2909 1284 2965 avocatus
1295 2901 1492 2978 decederet,
1505 2899 1591 2978 eique

380 3003 599 3069 sufficeretur
613 3006 652 3070 P.
669 3008 833 3071 Andreas
848 3007 1094 3087 Galvanellus,
1111 3009 1181 3089 qui,
1202 3017 1240 3072 ut
1261 3008 1423 3071 omittam
1443 3023 1542 3089 quam
1555 3004 1591 3066 ab

380 3109 582 3191 huJusmodi
595 3114 782 3193 provincia
797 3115 933 3178 alienus
951 3114 1056 3178 fuerit
1077 3114 1277 3192 subeunda,
1299 3112 1367 3177 Dei
1389 3112 1591 3192 benignitate

380 3227 415 3282 et
430 3219 677 3283 sanctissimae
692 3220 912 3284 obedientiae
930 3222 1061 3284 virtute
1080 3222 1130 3284 ita
1150 3239 1214 3285 suo
1233 3221 1439 3302 perfunctus
1458 3228 1509 3283 est
1529 3234 1590 3280 mu·
1680 3303 1681 3306 Ἴ

381 3343 465 3388 nere
489 3335 539 3405 ut,
563 3343 633 3390 una
659 3328 814 3390 omnium
836 3337 996 3392 nostrum
1016 3329 1201 3407 sententia,
1227 3328 1314 3390 nihil
1339 3327 1510 3390 hactenus
1531 3335 1595 3386 tum
1680 3321 1681 3396 g

380 3432 477 3496 dorni
491 3442 565 3497 tum
579 3433 684 3513 ioris,
701 3435 795 3513 quod
815 3435 847 3497 ei
863 3452 926 3516 per
946 3435 1182 3498 obedientiam
1203 3435 1314 3513 licuit,
1339 3433 1384 3496 ad
1407 3452 1468 3497 eas
1489 3441 1602 3514 partes

380 3539 416 3601 in
437 3539 514 3618 ipso
536 3538 740 3619 diligentiae
762 3539 915 3603 defuisse
934 3539 1048 3604 videri
1069 3541 1192 3621 possit.
1214 3539 1284 3603 Pro
1306 3557 1406 3603 more
1426 3549 1541 3603 tamen
1559 3551 1594 3597 ac

380 3646 634 3710 consuetudine
660 3648 912 3728 quadrimestri
935 3649 1084 3728 epistola
1106 3647 1253 3727 dignum
1274 3662 1400 3728 parum
1423 3643 1595 3710 admodum

381 3763 487 3832 atque
506 3753 596 3817 adeo
616 3753 703 3817 nihil
723 3755 781 3818 hic
804 3762 857 3816 est
878 3753 1058 3833 effectum,
1080 3762 1118 3817 ut
1140 3753 1185 3816 ad
1204 3771 1379 3817 summam
1401 3749 1594 3816 consolatio-

380 3877 461 3924 nem
476 3860 578 3923 dolor
591 3877 663 3924 non
682 3860 870 3923 mediocris
892 3861 1063 3924 accedere
1083 3860 1257 3939 videatur,
1282 3876 1362 3922 cum
1384 3867 1437 3922 tot
1456 3859 1592 3922 diversa·

380 3983 459 4030 rum
496 3968 814 4047 congregationum
842 3967 946 4048 buJus
978 3977 1124 4031 sanctae
1156 3967 1343 4032 Societatis
1375 3964 1593 4048 spiritualium

426 4171 435 4203 ¹
465 4172 653 4227 Autographae
663 4169 769 4215 litterae
780 4172 805 4215 ln
816 4172 876 4215 sollo
887 4172 989 4226 duplici,
1004 4183 1046 4216 nn.
1062 4173 1089 4215 ts
1105 4178 1130 4215 et
1147 4170 1301 4217 t9.-Mirum
1311 4181 1373 4214 vere
1391 4177 1431 4214 est
1448 4171 1473 4214 ln
1489 4163 1595 4218 collegiis

386 4241 515 4286 Patauino
525 4248 551 4286 et
561 4242 670 4295 Veneto,
681 4249 735 4287 tam
747 4242 832 4297 exigui
843 4243 922 4297 spatii
932 4243 1071 4287 intervallo
1082 4243 1244 4296 dictantibus¹
1262 4244 1295 4286 ab
1311 4253 1360 4285 uno
1376 4239 1509 4285 Trinitatis
1518 4237 1593 4281 Priore

381 4313 477 4357 erectis
487 4319 514 4357 et
523 4315 566 4358 uni
577 4314 715 4368 aliquando
726 4314 856 4369 Superiori
872 4314 1004 4369 subjectis,
1022 4313 1085 4358 duos
1101 4326 1151 4357 uno
1169 4314 1305 4367 eodemque
1321 4320 1438 4367 tempore
1452 4312 1524 4356 luisse
1534 4307 1592 4351 sebo

381 4385 496 4437 insticoa.
509 4396 616 4438 quorum
630 4386 672 4428 uni
683 4396 774 4428 nomen
783 4392 841 4428 erat
853 4385 965 4438 Joannes
977 4385 1084 4436 Cancer,
1095 4385 1170 4429 alteri
1187 4396 1250 4428 vero
1266 4384 1378 4437 Joannes
1393 4384 1539 4432 comburas,
1555 4379 1593 4420 ita-

382 4456 431 4498 lice
442 4455 579 4507 Gambero.
590 4457 670 4500 latine
681 4458 760 4500 etiam
769 4456 875 4501 Cancer.
888 4457 957 4500 Duos
967 4462 1055 4500 autem
1065 4457 1118 4504 hos.
1128 4467 1178 4500 non
1188 4467 1264 4499 unum
1274 4457 1441 4508 eumdemque
1452 4455 1524 4498 inisse
1534 4453 1592 4492 certo

382 4533 495 4570 constat.
504 4527 550 4570 Ait
561 4527 628 4570 enim
640 4526 740 4571 Cancer
752 4528 801 4571 hic:
813 4526 947 4570 Dominus
953 4527 1075 4582 Joannes
1084 4526 1235 4571 Lusitanus
1245 4535 1271 4570 et
1281 4538 1331 4571 noo
1341 4529 1450 4581 coeptae
1460 4523 1547 4568 abhinc
1555 4519 1592 4596 ttt'·

382 4599 432 4640 bus
443 4599 581 4640 mensibus
590 4597 690 4652 logicae
700 4606 810 4653 operam
821 4599 919 4642 damus
929 4599 1062 4653 (Patavii),
1073 4606 1100 4643 et
1117 4599 1140 4642 in
1151 4599 1247 4642 litteris
1258 4598 1325 4642 inira
1336 4610 1360 4642 n.
1372 4595 1479 4642 CXXIV
1490 4599 1585 4639 transtri

382 4668 480 4712 bondis:
492 4669 601 4712 scholae
612 4669 694 4713 alteri
702 4669 864 4724 (Venetlis)...
872 4669 1030 4726 praefectus
1039 4673 1080 4714 est
1088 4669 1209 4724 Joannes
1221 4669 1382 4720 navaturus,
1396 4669 1481 4714 Tettio.

423 4741 435 4772 ¹
463 4740 492 4784 P.
503 4739 620 4796 Elpidius
628 4740 752 4796 Ugoiettl.
