<?xml version="1.0" encoding="UTF-8"?>
<!DOCTYPE html PUBLIC "-//W3C//DTD XHTML 1.0 Transitional//EN"
    "http://www.w3.org/TR/xhtml1/DTD/xhtml1-transitional.dtd">
<html xmlns="http://www.w3.org/1999/xhtml" xml:lang="en" lang="en">
 <head>
  <title>
</title>
<meta http-equiv="Content-Type" content="text/html;charset=utf-8" />
  <meta name='ocr-system' content='tesseract 3.04.00' />
  <meta name='ocr-capabilities' content='ocr_page ocr_carea ocr_par ocr_line ocrx_word'/>
</head>
<body>
  <div class='ocr_page' id='page_1' title='image "./litteraequadrim01jesugoog_0228.png"; bbox 0 0 3400 5524; ppageno 0'>
   <div class='ocr_carea' id='block_1_1' title="bbox 369 423 1213 491">
    <p class='ocr_par' dir='ltr' id='par_1_1' title="bbox 369 423 1213 491">
     <span class='ocr_line' id='line_1_1' title="bbox 369 423 1213 491; baseline -0.001 -8"><span class='ocrx_word' id='word_1_1' title='bbox 369 425 424 484; x_wconf 74' lang='lat'>224</span> <span class='ocrx_word' id='word_1_2' title='bbox 754 423 926 482; x_wconf 68' lang='lat' dir='ltr'>Limnaia</span> <span class='ocrx_word' id='word_1_3' title='bbox 944 438 1213 491; x_wconf 75' lang='lat' dir='ltr'>ounontuesrass</span> 
     </span>
    </p>
   </div>
   <div class='ocr_carea' id='block_1_2' title="bbox 369 567 1689 2680">
    <p class='ocr_par' dir='ltr' id='par_1_2' title="bbox 369 567 1689 2680">
     <span class='ocr_line' id='line_1_2' title="bbox 369 567 1595 649; baseline -0.001 -17"><span class='ocrx_word' id='word_1_4' title='bbox 369 585 473 632; x_wconf 90' lang='lat' dir='ltr'>rarae</span> <span class='ocrx_word' id='word_1_5' title='bbox 487 567 671 648; x_wconf 75' lang='lat' dir='ltr'>cuiusdam</span> <span class='ocrx_word' id='word_1_6' title='bbox 683 567 958 649; x_wconf 84' lang='lat' dir='ltr'>exspectationis</span> <span class='ocrx_word' id='word_1_7' title='bbox 969 567 1039 649; x_wconf 88' lang='lat' dir='ltr'>qui,</span> <span class='ocrx_word' id='word_1_8' title='bbox 1052 579 1193 648; x_wconf 88' lang='lat' dir='ltr'>praeter</span> <span class='ocrx_word' id='word_1_9' title='bbox 1203 567 1433 632; x_wconf 83' lang='lat' dir='ltr'>humaniores</span> <span class='ocrx_word' id='word_1_10' title='bbox 1445 569 1595 644; x_wconf 79' lang='lat' dir='ltr'>litteras,</span> 
     </span>
     <span class='ocr_line' id='line_1_3' title="bbox 370 674 1596 756; baseline 0.001 -19"><span class='ocrx_word' id='word_1_11' title='bbox 370 693 458 756; x_wconf 89' lang='lat' dir='ltr'>quas</span> <span class='ocrx_word' id='word_1_12' title='bbox 482 675 753 756; x_wconf 86' lang='lat' dir='ltr'>profitebantur,</span> <span class='ocrx_word' id='word_1_13' title='bbox 775 693 794 738; x_wconf 90' lang='lat' dir='ltr'>e</span> <span class='ocrx_word' id='word_1_14' title='bbox 816 675 937 739; x_wconf 91' lang='lat' dir='ltr'>solidis</span> <span class='ocrx_word' id='word_1_15' title='bbox 956 674 1205 756; x_wconf 88' lang='lat' dir='ltr'>Philosophiae</span> <span class='ocrx_word' id='word_1_16' title='bbox 1223 674 1378 738; x_wconf 85' lang='lat' dir='ltr'>sontibus</span> <span class='ocrx_word' id='word_1_17' title='bbox 1396 675 1596 738; x_wconf 87' lang='lat' dir='ltr'>doctrinam</span> 
     </span>
     <span class='ocr_line' id='line_1_4' title="bbox 370 779 1598 863; baseline -0.001 -18"><span class='ocrx_word' id='word_1_18' title='bbox 370 799 508 846; x_wconf 90' lang='lat' dir='ltr'>morum</span> <span class='ocrx_word' id='word_1_19' title='bbox 523 790 557 844; x_wconf 94' lang='lat' dir='ltr'>et</span> <span class='ocrx_word' id='word_1_20' title='bbox 571 791 720 845; x_wconf 91' lang='lat' dir='ltr'>naturae</span> <span class='ocrx_word' id='word_1_21' title='bbox 734 782 943 863; x_wconf 89' lang='lat' dir='ltr'>hauserunt,</span> <span class='ocrx_word' id='word_1_22' title='bbox 963 799 1078 863; x_wconf 91' lang='lat' dir='ltr'>neque</span> <span class='ocrx_word' id='word_1_23' title='bbox 1097 782 1133 845; x_wconf 91' lang='lat' dir='ltr'>id</span> <span class='ocrx_word' id='word_1_24' title='bbox 1151 781 1347 845; x_wconf 82' lang='lat' dir='ltr'>infeliciter.</span> <span class='ocrx_word' id='word_1_25' title='bbox 1373 779 1476 845; x_wconf 90' lang='lat' dir='ltr'>Adde</span> <span class='ocrx_word' id='word_1_26' title='bbox 1491 783 1598 845; x_wconf 88' lang='lat' dir='ltr'>etiam</span> 
     </span>
     <span class='ocr_line' id='line_1_5' title="bbox 370 887 1597 970; baseline -0.002 -18"><span class='ocrx_word' id='word_1_27' title='bbox 370 888 465 970; x_wconf 93' lang='lat' dir='ltr'>quod</span> <span class='ocrx_word' id='word_1_28' title='bbox 479 889 638 952; x_wconf 89' lang='lat' dir='ltr'>nonnulli</span> <span class='ocrx_word' id='word_1_29' title='bbox 652 887 794 952; x_wconf 87' lang='lat' dir='ltr'>divinae</span> <span class='ocrx_word' id='word_1_30' title='bbox 812 888 1027 968; x_wconf 85' lang='lat' dir='ltr'>Theologiae</span> <span class='ocrx_word' id='word_1_31' title='bbox 1048 898 1081 952; x_wconf 91' lang='lat' dir='ltr'>et</span> <span class='ocrx_word' id='word_1_32' title='bbox 1100 887 1295 951; x_wconf 90' lang='lat' dir='ltr'>Medicinae</span> <span class='ocrx_word' id='word_1_33' title='bbox 1314 891 1512 969; x_wconf 89' lang='lat' dir='ltr'>penetralia</span> <span class='ocrx_word' id='word_1_34' title='bbox 1537 891 1597 951; x_wconf 89' lang='lat' dir='ltr'>lin-</span> 
     </span>
     <span class='ocr_line' id='line_1_6' title="bbox 370 993 1597 1077; baseline -0.002 -18"><span class='ocrx_word' id='word_1_35' title='bbox 370 997 450 1076; x_wconf 85' lang='lat' dir='ltr'>guis</span> <span class='ocrx_word' id='word_1_36' title='bbox 465 1004 499 1058; x_wconf 93' lang='lat' dir='ltr'>et</span> <span class='ocrx_word' id='word_1_37' title='bbox 514 994 762 1076; x_wconf 90' lang='lat' dir='ltr'>Philosophiae</span> <span class='ocrx_word' id='word_1_38' title='bbox 777 993 1047 1077; x_wconf 87' lang='lat' dir='ltr'>conjunxerunt,</span> <span class='ocrx_word' id='word_1_39' title='bbox 1064 1013 1083 1059; x_wconf 89' lang='lat' dir='ltr'>e</span> <span class='ocrx_word' id='word_1_40' title='bbox 1099 996 1224 1076; x_wconf 90' lang='lat' dir='ltr'>quibus</span> <span class='ocrx_word' id='word_1_41' title='bbox 1235 995 1387 1076; x_wconf 90' lang='lat' dir='ltr'>quinque</span> <span class='ocrx_word' id='word_1_42' title='bbox 1399 996 1445 1058; x_wconf 89' lang='lat' dir='ltr'>ad</span> <span class='ocrx_word' id='word_1_43' title='bbox 1457 1011 1597 1058; x_wconf 89' lang='lat' dir='ltr'>sacram</span> 
     </span>
     <span class='ocr_line' id='line_1_7' title="bbox 371 1100 1599 1186; baseline -0.002 -21"><span class='ocrx_word' id='word_1_44' title='bbox 371 1103 565 1166; x_wconf 87' lang='lat' dir='ltr'>anchoram</span> <span class='ocrx_word' id='word_1_45' title='bbox 579 1103 731 1166; x_wconf 91' lang='lat' dir='ltr'>nominis</span> <span class='ocrx_word' id='word_1_46' title='bbox 744 1101 828 1186; x_wconf 92' lang='lat' dir='ltr'>Jesu</span> <span class='ocrx_word' id='word_1_47' title='bbox 843 1102 1088 1183; x_wconf 82' lang='lat' dir='ltr'>confugerunt,</span> <span class='ocrx_word' id='word_1_48' title='bbox 1104 1102 1196 1166; x_wconf 89' lang='lat' dir='ltr'>inter</span> <span class='ocrx_word' id='word_1_49' title='bbox 1211 1118 1298 1182; x_wconf 93' lang='lat' dir='ltr'>quos</span> <span class='ocrx_word' id='word_1_50' title='bbox 1312 1119 1403 1165; x_wconf 91' lang='lat' dir='ltr'>unus</span> <span class='ocrx_word' id='word_1_51' title='bbox 1418 1111 1473 1164; x_wconf 87' lang='lat' dir='ltr'>est</span> <span class='ocrx_word' id='word_1_52' title='bbox 1492 1100 1599 1165; x_wconf 83' lang='lat' dir='ltr'>Dida-</span> 
     </span>
     <span class='ocr_line' id='line_1_8' title="bbox 371 1207 1598 1291; baseline -0.002 -18"><span class='ocrx_word' id='word_1_53' title='bbox 371 1226 435 1273; x_wconf 91' lang='lat' dir='ltr'>cus</span> <span class='ocrx_word' id='word_1_54' title='bbox 449 1209 617 1290; x_wconf 89' lang='lat' dir='ltr'>Vazquez</span> <span class='ocrx_word' id='word_1_55' title='bbox 632 1228 654 1273; x_wconf 90' lang='lat' dir='ltr'>a</span> <span class='ocrx_word' id='word_1_56' title='bbox 673 1207 830 1289; x_wconf 90' lang='lat' dir='ltr'>Torrijos</span> <span class='ocrx_word' id='word_1_57' title='bbox 852 1207 860 1240; x_wconf 83' lang='lat'><strong>¹</strong></span> <span class='ocrx_word' id='word_1_58' title='bbox 880 1210 956 1291; x_wconf 92' lang='lat' dir='ltr'>qui,</span> <span class='ocrx_word' id='word_1_59' title='bbox 977 1208 1159 1289; x_wconf 88' lang='lat' dir='ltr'>utriusque</span> <span class='ocrx_word' id='word_1_60' title='bbox 1179 1209 1321 1288; x_wconf 86' lang='lat' dir='ltr'>linguae</span> <span class='ocrx_word' id='word_1_61' title='bbox 1341 1208 1438 1272; x_wconf 88' lang='lat' dir='ltr'>mire.</span> <span class='ocrx_word' id='word_1_62' title='bbox 1452 1209 1598 1278; x_wconf 88' lang='lat' dir='ltr'>callens,</span> 
     </span>
     <span class='ocr_line' id='line_1_9' title="bbox 371 1314 1601 1397; baseline -0.001 -18"><span class='ocrx_word' id='word_1_63' title='bbox 371 1314 635 1397; x_wconf 88' lang='lat' dir='ltr'>Philosophiam</span> <span class='ocrx_word' id='word_1_64' title='bbox 650 1327 684 1380; x_wconf 93' lang='lat' dir='ltr'>et</span> <span class='ocrx_word' id='word_1_65' title='bbox 696 1316 907 1380; x_wconf 88' lang='lat' dir='ltr'>Medicinam</span> <span class='ocrx_word' id='word_1_66' title='bbox 918 1324 991 1380; x_wconf 88' lang='lat' dir='ltr'>tam</span> <span class='ocrx_word' id='word_1_67' title='bbox 999 1315 1115 1380; x_wconf 80' lang='lat' dir='ltr'>lausto</span> <span class='ocrx_word' id='word_1_68' title='bbox 1128 1315 1263 1380; x_wconf 87' lang='lat' dir='ltr'>adierat</span> <span class='ocrx_word' id='word_1_69' title='bbox 1273 1316 1374 1397; x_wconf 91' lang='lat' dir='ltr'>pede,</span> <span class='ocrx_word' id='word_1_70' title='bbox 1385 1325 1424 1378; x_wconf 90' lang='lat' dir='ltr'>ut</span> <span class='ocrx_word' id='word_1_71' title='bbox 1435 1317 1601 1396; x_wconf 87' lang='lat' dir='ltr'>proximo</span> 
     </span>
     <span class='ocr_line' id='line_1_10' title="bbox 371 1421 1600 1503; baseline -0.003 -15"><span class='ocrx_word' id='word_1_72' title='bbox 371 1441 464 1488; x_wconf 89' lang='lat' dir='ltr'>anno</span> <span class='ocrx_word' id='word_1_73' title='bbox 479 1441 518 1487; x_wconf 91' lang='lat' dir='ltr'>se</span> <span class='ocrx_word' id='word_1_74' title='bbox 532 1423 683 1503; x_wconf 87' lang='lat' dir='ltr'>primam</span> <span class='ocrx_word' id='word_1_75' title='bbox 697 1423 864 1487; x_wconf 90' lang='lat' dir='ltr'>Doctoris</span> <span class='ocrx_word' id='word_1_76' title='bbox 878 1425 1036 1487; x_wconf 89' lang='lat' dir='ltr'>lauream</span> <span class='ocrx_word' id='word_1_77' title='bbox 1051 1423 1087 1486; x_wconf 92' lang='lat' dir='ltr'>in</span> <span class='ocrx_word' id='word_1_78' title='bbox 1101 1421 1277 1486; x_wconf 86' lang='lat' dir='ltr'>Medicina</span> <span class='ocrx_word' id='word_1_79' title='bbox 1295 1421 1507 1503; x_wconf 88' lang='lat' dir='ltr'>adepturum</span> <span class='ocrx_word' id='word_1_80' title='bbox 1523 1440 1600 1501; x_wconf 88' lang='lat' dir='ltr'>spe·</span> 
     </span>
     <span class='ocr_line' id='line_1_11' title="bbox 372 1528 1599 1611; baseline -0.002 -17"><span class='ocrx_word' id='word_1_81' title='bbox 372 1541 479 1595; x_wconf 86' lang='lat' dir='ltr'>taret.</span> <span class='ocrx_word' id='word_1_82' title='bbox 497 1529 600 1594; x_wconf 89' lang='lat' dir='ltr'>Alius</span> <span class='ocrx_word' id='word_1_83' title='bbox 614 1531 830 1594; x_wconf 86' lang='lat' dir='ltr'>Licentiatus</span> <span class='ocrx_word' id='word_1_84' title='bbox 848 1529 1004 1611; x_wconf 90' lang='lat' dir='ltr'>Joannes</span> <span class='ocrx_word' id='word_1_85' title='bbox 1018 1529 1154 1594; x_wconf 86' lang='lat' dir='ltr'>Prados</span> <span class='ocrx_word' id='word_1_86' title='bbox 1172 1528 1184 1560; x_wconf 79' lang='lat'><strong>¹</strong></span> <span class='ocrx_word' id='word_1_87' title='bbox 1199 1539 1252 1593; x_wconf 92' lang='lat' dir='ltr'>est</span> <span class='ocrx_word' id='word_1_88' title='bbox 1267 1529 1338 1610; x_wconf 90' lang='lat' dir='ltr'>qui,</span> <span class='ocrx_word' id='word_1_89' title='bbox 1355 1547 1469 1610; x_wconf 85' lang='lat' dir='ltr'>paene</span> <span class='ocrx_word' id='word_1_90' title='bbox 1484 1540 1599 1592; x_wconf 90' lang='lat' dir='ltr'>totum</span> 
     </span>
     <span class='ocr_line' id='line_1_12' title="bbox 372 1637 1599 1718; baseline -0.002 -16"><span class='ocrx_word' id='word_1_91' title='bbox 372 1637 614 1702; x_wconf 90' lang='lat' dir='ltr'>Scholasticae</span> <span class='ocrx_word' id='word_1_92' title='bbox 628 1637 845 1717; x_wconf 90' lang='lat' dir='ltr'>Theologiae</span> <span class='ocrx_word' id='word_1_93' title='bbox 859 1637 1029 1701; x_wconf 90' lang='lat' dir='ltr'>ambitum</span> <span class='ocrx_word' id='word_1_94' title='bbox 1043 1637 1159 1718; x_wconf 90' lang='lat' dir='ltr'>(quem</span> <span class='ocrx_word' id='word_1_95' title='bbox 1169 1651 1312 1700; x_wconf 90' lang='lat' dir='ltr'>cursum</span> <span class='ocrx_word' id='word_1_96' title='bbox 1323 1637 1467 1714; x_wconf 87' lang='lat' dir='ltr'>vocant)</span> <span class='ocrx_word' id='word_1_97' title='bbox 1481 1655 1599 1700; x_wconf 90' lang='lat' dir='ltr'>emen-</span> 
     </span>
     <span class='ocr_line' id='line_1_13' title="bbox 373 1742 1598 1825; baseline -0.002 -17"><span class='ocrx_word' id='word_1_98' title='bbox 373 1763 444 1825; x_wconf 91' lang='lat' dir='ltr'>sus,</span> <span class='ocrx_word' id='word_1_99' title='bbox 453 1743 664 1809; x_wconf 88' lang='lat' dir='ltr'>Sanctarum</span> <span class='ocrx_word' id='word_1_100' title='bbox 677 1742 939 1824; x_wconf 77' lang='lat' dir='ltr'>seripturarum</span> <span class='ocrx_word' id='word_1_101' title='bbox 952 1743 1094 1807; x_wconf 90' lang='lat' dir='ltr'>lectioni</span> <span class='ocrx_word' id='word_1_102' title='bbox 1102 1752 1136 1806; x_wconf 91' lang='lat' dir='ltr'>et</span> <span class='ocrx_word' id='word_1_103' title='bbox 1146 1743 1367 1823; x_wconf 87' lang='lat' dir='ltr'>indagationi</span> <span class='ocrx_word' id='word_1_104' title='bbox 1376 1743 1598 1824; x_wconf 83' lang='lat' dir='ltr'>accingetur.</span> 
     </span>
     <span class='ocr_line' id='line_1_14' title="bbox 371 1849 1600 1932; baseline -0.002 -16"><span class='ocrx_word' id='word_1_105' title='bbox 371 1852 531 1916; x_wconf 90' lang='lat' dir='ltr'>Tertium</span> <span class='ocrx_word' id='word_1_106' title='bbox 543 1870 599 1916; x_wconf 92' lang='lat' dir='ltr'>me</span> <span class='ocrx_word' id='word_1_107' title='bbox 615 1851 707 1932; x_wconf 89' lang='lat' dir='ltr'>(licet</span> <span class='ocrx_word' id='word_1_108' title='bbox 722 1851 918 1930; x_wconf 87' lang='lat' dir='ltr'>indignum)</span> <span class='ocrx_word' id='word_1_109' title='bbox 933 1851 1137 1927; x_wconf 89' lang='lat' dir='ltr'>adnumero,</span> <span class='ocrx_word' id='word_1_110' title='bbox 1154 1851 1213 1931; x_wconf 92' lang='lat' dir='ltr'>qui</span> <span class='ocrx_word' id='word_1_111' title='bbox 1224 1849 1344 1932; x_wconf 87' lang='lat' dir='ltr'>jussus</span> <span class='ocrx_word' id='word_1_112' title='bbox 1360 1868 1440 1913; x_wconf 91' lang='lat' dir='ltr'>sum</span> <span class='ocrx_word' id='word_1_113' title='bbox 1455 1868 1537 1914; x_wconf 90' lang='lat' dir='ltr'>cum</span> <span class='ocrx_word' id='word_1_114' title='bbox 1552 1851 1600 1913; x_wconf 91' lang='lat' dir='ltr'>di-</span> 
     </span>
     <span class='ocr_line' id='line_1_15' title="bbox 373 1955 1600 2038; baseline -0.002 -16"><span class='ocrx_word' id='word_1_115' title='bbox 373 1959 439 2023; x_wconf 90' lang='lat' dir='ltr'>ctis</span> <span class='ocrx_word' id='word_1_116' title='bbox 453 1959 589 2023; x_wconf 90' lang='lat' dir='ltr'>duobus</span> <span class='ocrx_word' id='word_1_117' title='bbox 603 1957 735 2022; x_wconf 88' lang='lat' dir='ltr'>Sacrae</span> <span class='ocrx_word' id='word_1_118' title='bbox 749 1959 964 2038; x_wconf 89' lang='lat' dir='ltr'>Theologiae</span> <span class='ocrx_word' id='word_1_119' title='bbox 975 1957 1100 2021; x_wconf 90' lang='lat' dir='ltr'>studiis</span> <span class='ocrx_word' id='word_1_120' title='bbox 1110 1974 1252 2020; x_wconf 85' lang='lat' dir='ltr'>vacare.</span> <span class='ocrx_word' id='word_1_121' title='bbox 1266 1955 1421 2037; x_wconf 88' lang='lat' dir='ltr'>Quartus</span> <span class='ocrx_word' id='word_1_122' title='bbox 1434 1975 1521 2020; x_wconf 88' lang='lat' dir='ltr'>vero</span> <span class='ocrx_word' id='word_1_123' title='bbox 1533 1969 1600 2028; x_wconf 87' lang='lat' dir='ltr'>est,</span> 
     </span>
     <span class='ocr_line' id='line_1_16' title="bbox 372 2061 1601 2149; baseline -0.006 -17"><span class='ocrx_word' id='word_1_124' title='bbox 372 2067 432 2149; x_wconf 87' lang='lat' dir='ltr'>qui</span> <span class='ocrx_word' id='word_1_125' title='bbox 455 2067 656 2147; x_wconf 87' lang='lat' dir='ltr'>linguarum</span> <span class='ocrx_word' id='word_1_126' title='bbox 677 2066 826 2144; x_wconf 90' lang='lat' dir='ltr'>peritiae</span> <span class='ocrx_word' id='word_1_127' title='bbox 840 2065 1071 2144; x_wconf 86' lang='lat' dir='ltr'>Theologiam</span> <span class='ocrx_word' id='word_1_128' title='bbox 1092 2073 1257 2144; x_wconf 88' lang='lat' dir='ltr'>coeperat</span> <span class='ocrx_word' id='word_1_129' title='bbox 1278 2061 1505 2144; x_wconf 88' lang='lat' dir='ltr'>conjungere.</span> <span class='ocrx_word' id='word_1_130' title='bbox 1532 2063 1601 2126; x_wconf 85' lang='lat' dir='ltr'>Hic</span> 
     </span>
     <span class='ocr_line' id='line_1_17' title="bbox 372 2171 1599 2254; baseline -0.004 -17"><span class='ocrx_word' id='word_1_131' title='bbox 372 2174 545 2237; x_wconf 89' lang='lat' dir='ltr'>Martinus</span> <span class='ocrx_word' id='word_1_132' title='bbox 560 2171 571 2204; x_wconf 78' lang='lat'>⁸</span> <span class='ocrx_word' id='word_1_133' title='bbox 587 2173 795 2254; x_wconf 91' lang='lat' dir='ltr'>appellatur,</span> <span class='ocrx_word' id='word_1_134' title='bbox 812 2171 869 2234; x_wconf 90' lang='lat' dir='ltr'>cui</span> <span class='ocrx_word' id='word_1_135' title='bbox 884 2172 997 2236; x_wconf 91' lang='lat' dir='ltr'>Toleti</span> <span class='ocrx_word' id='word_1_136' title='bbox 1012 2172 1097 2234; x_wconf 90' lang='lat' dir='ltr'>urbs</span> <span class='ocrx_word' id='word_1_137' title='bbox 1112 2171 1307 2234; x_wconf 90' lang='lat' dir='ltr'>communis</span> <span class='ocrx_word' id='word_1_138' title='bbox 1326 2188 1466 2234; x_wconf 90' lang='lat' dir='ltr'>meeum</span> <span class='ocrx_word' id='word_1_139' title='bbox 1484 2171 1599 2251; x_wconf 89' lang='lat' dir='ltr'>patria</span> 
     </span>
     <span class='ocr_line' id='line_1_18' title="bbox 372 2275 1686 2370; baseline -0.003 -27"><span class='ocrx_word' id='word_1_140' title='bbox 372 2290 437 2345; x_wconf 90' lang='lat' dir='ltr'>est.</span> <span class='ocrx_word' id='word_1_141' title='bbox 453 2279 556 2344; x_wconf 89' lang='lat' dir='ltr'>Alius</span> <span class='ocrx_word' id='word_1_142' title='bbox 569 2279 767 2358; x_wconf 89' lang='lat' dir='ltr'>burgensis,</span> <span class='ocrx_word' id='word_1_143' title='bbox 781 2278 969 2342; x_wconf 89' lang='lat' dir='ltr'>Marcellus</span> <span class='ocrx_word' id='word_1_144' title='bbox 980 2296 1001 2342; x_wconf 88' lang='lat' dir='ltr'>a</span> <span class='ocrx_word' id='word_1_145' title='bbox 1012 2277 1158 2342; x_wconf 90' lang='lat' dir='ltr'>Salazar</span> <span class='ocrx_word' id='word_1_146' title='bbox 1169 2279 1321 2341; x_wconf 90' lang='lat' dir='ltr'>nomine.</span> <span class='ocrx_word' id='word_1_147' title='bbox 1334 2275 1405 2341; x_wconf 88' lang='lat' dir='ltr'>Sed</span> <span class='ocrx_word' id='word_1_148' title='bbox 1417 2279 1515 2340; x_wconf 90' lang='lat' dir='ltr'>hisce</span> <span class='ocrx_word' id='word_1_149' title='bbox 1526 2277 1597 2340; x_wconf 90' lang='lat' dir='ltr'>die·</span> <span class='ocrx_word' id='word_1_150' title='bbox 1685 2363 1686 2370; x_wconf 6' lang='grc' dir='ltr'>ἵ</span> 
     </span>
     <span class='ocr_line' id='line_1_19' title="bbox 372 2384 1597 2466; baseline -0.003 -15"><span class='ocrx_word' id='word_1_151' title='bbox 372 2388 438 2451; x_wconf 89' lang='lat' dir='ltr'>bus</span> <span class='ocrx_word' id='word_1_152' title='bbox 453 2387 628 2451; x_wconf 88' lang='lat' dir='ltr'>Gandiam</span> <span class='ocrx_word' id='word_1_153' title='bbox 643 2387 725 2450; x_wconf 91' lang='lat' dir='ltr'>hinc</span> <span class='ocrx_word' id='word_1_154' title='bbox 739 2396 793 2449; x_wconf 89' lang='lat' dir='ltr'>est</span> <span class='ocrx_word' id='word_1_155' title='bbox 806 2385 999 2466; x_wconf 70' lang='lat' dir='ltr'>profectus</span> <span class='ocrx_word' id='word_1_156' title='bbox 1015 2385 1074 2449; x_wconf 91' lang='lat' dir='ltr'>ubi</span> <span class='ocrx_word' id='word_1_157' title='bbox 1089 2385 1218 2450; x_wconf 90' lang='lat' dir='ltr'>artium</span> <span class='ocrx_word' id='word_1_158' title='bbox 1232 2384 1430 2448; x_wconf 90' lang='lat' dir='ltr'>liberalium</span> <span class='ocrx_word' id='word_1_159' title='bbox 1445 2385 1597 2465; x_wconf 91' lang='lat' dir='ltr'>discipli-</span> 
     </span>
     <span class='ocr_line' id='line_1_20' title="bbox 373 2491 1689 2585; baseline -0.002 -29"><span class='ocrx_word' id='word_1_160' title='bbox 373 2493 428 2557; x_wconf 92' lang='lat' dir='ltr'>nis</span> <span class='ocrx_word' id='word_1_161' title='bbox 443 2501 693 2557; x_wconf 89' lang='lat' dir='ltr'>sacrosanctae</span> <span class='ocrx_word' id='word_1_162' title='bbox 705 2492 835 2555; x_wconf 87' lang='lat' dir='ltr'>Christi</span> <span class='ocrx_word' id='word_1_163' title='bbox 846 2491 1089 2573; x_wconf 91' lang='lat' dir='ltr'>philosophiae</span> <span class='ocrx_word' id='word_1_164' title='bbox 1101 2492 1196 2554; x_wconf 90' lang='lat' dir='ltr'>viam</span> <span class='ocrx_word' id='word_1_165' title='bbox 1207 2501 1354 2554; x_wconf 76' lang='lat' dir='ltr'>sternat,</span> <span class='ocrx_word' id='word_1_166' title='bbox 1368 2491 1490 2554; x_wconf 89' lang='lat' dir='ltr'>Habes</span> <span class='ocrx_word' id='word_1_167' title='bbox 1501 2493 1599 2572; x_wconf 90' lang='lat' dir='ltr'>quin-</span> <span class='ocrx_word' id='word_1_168' title='bbox 1687 2513 1689 2585; x_wconf 14' lang='grc' dir='ltr'>’χ</span> 
     </span>
     <span class='ocr_line' id='line_1_21' title="bbox 376 2589 1689 2680; baseline -0.001 -18"><span class='ocrx_word' id='word_1_169' title='bbox 376 2617 443 2680; x_wconf 90' lang='lat' dir='ltr'>que</span> <span class='ocrx_word' id='word_1_170' title='bbox 458 2601 614 2678; x_wconf 85' lang='lat' dir='ltr'>collegas</span> <span class='ocrx_word' id='word_1_171' title='bbox 628 2599 812 2678; x_wconf 87' lang='lat' dir='ltr'>trilingues</span> <span class='ocrx_word' id='word_1_172' title='bbox 828 2597 850 2678; x_wconf 79' lang='lat'>⁴,</span> <span class='ocrx_word' id='word_1_173' title='bbox 866 2597 971 2662; x_wconf 92' lang='lat' dir='ltr'>Pater</span> <span class='ocrx_word' id='word_1_174' title='bbox 987 2600 1245 2663; x_wconf 88' lang='lat' dir='ltr'>colendissime.</span> <span class='ocrx_word' id='word_1_175' title='bbox 1688 2589 1689 2592; x_wconf 50' lang='lat'>&#39;</span> 
     </span>
    </p>
   </div>
   <div class='ocr_carea' id='block_1_3' title="bbox 434 2704 1691 2786">
    <p class='ocr_par' dir='ltr' id='par_1_3' title="bbox 434 2704 1691 2786">
     <span class='ocr_line' id='line_1_22' title="bbox 434 2704 1691 2786; baseline -0.002 -17"><span class='ocrx_word' id='word_1_176' title='bbox 434 2704 522 2769; x_wconf 91' lang='lat' dir='ltr'>Tres</span> <span class='ocrx_word' id='word_1_177' title='bbox 537 2705 706 2769; x_wconf 90' lang='lat' dir='ltr'>licentiati</span> <span class='ocrx_word' id='word_1_178' title='bbox 720 2705 893 2770; x_wconf 87' lang='lat' dir='ltr'>anteactis</span> <span class='ocrx_word' id='word_1_179' title='bbox 907 2705 1086 2770; x_wconf 89' lang='lat' dir='ltr'>mensibus</span> <span class='ocrx_word' id='word_1_180' title='bbox 1101 2705 1388 2769; x_wconf 85' lang='lat' dir='ltr'>exercitamentis</span> <span class='ocrx_word' id='word_1_181' title='bbox 1406 2704 1598 2786; x_wconf 87' lang='lat' dir='ltr'>spirituali·</span> <span class='ocrx_word' id='word_1_182' title='bbox 1690 2730 1691 2768; x_wconf 87' lang='lat' dir='ltr'>l</span> 
     </span>
    </p>
   </div>
   <div class='ocr_carea' id='block_1_4' title="bbox 373 2809 1606 3852">
    <p class='ocr_par' dir='ltr' id='par_1_4' title="bbox 373 2809 1606 3852">
     <span class='ocr_line' id='line_1_23' title="bbox 373 2809 1602 2894; baseline -0.001 -19"><span class='ocrx_word' id='word_1_183' title='bbox 373 2812 439 2876; x_wconf 92' lang='lat' dir='ltr'>bus</span> <span class='ocrx_word' id='word_1_184' title='bbox 453 2812 581 2876; x_wconf 90' lang='lat' dir='ltr'>initiati</span> <span class='ocrx_word' id='word_1_185' title='bbox 596 2821 688 2876; x_wconf 92' lang='lat' dir='ltr'>sunt.</span> <span class='ocrx_word' id='word_1_186' title='bbox 706 2812 856 2892; x_wconf 88' lang='lat' dir='ltr'>Quidam</span> <span class='ocrx_word' id='word_1_187' title='bbox 871 2811 1075 2894; x_wconf 87' lang='lat' dir='ltr'>Alphonsus</span> <span class='ocrx_word' id='word_1_188' title='bbox 1089 2812 1224 2893; x_wconf 77' lang='lat' dir='ltr'>LupuS,</span> <span class='ocrx_word' id='word_1_189' title='bbox 1241 2830 1262 2875; x_wconf 90' lang='lat' dir='ltr'>a</span> <span class='ocrx_word' id='word_1_190' title='bbox 1276 2811 1441 2876; x_wconf 87' lang='lat' dir='ltr'>Navarra</span> <span class='ocrx_word' id='word_1_191' title='bbox 1462 2809 1484 2890; x_wconf 80' lang='lat'>⁵,</span> <span class='ocrx_word' id='word_1_192' title='bbox 1501 2812 1602 2876; x_wconf 78' lang='lat' dir='ltr'>facili</span> 
     </span>
     <span class='ocr_line' id='line_1_24' title="bbox 374 2917 1602 3000; baseline -0.002 -18"><span class='ocrx_word' id='word_1_193' title='bbox 374 2919 479 2982; x_wconf 89' lang='lat' dir='ltr'>simul</span> <span class='ocrx_word' id='word_1_194' title='bbox 493 2929 528 2982; x_wconf 90' lang='lat' dir='ltr'>et</span> <span class='ocrx_word' id='word_1_195' title='bbox 542 2919 616 2982; x_wconf 91' lang='lat' dir='ltr'>acri</span> <span class='ocrx_word' id='word_1_196' title='bbox 627 2917 768 2998; x_wconf 75' lang='lat' dir='ltr'>Juvenis</span> <span class='ocrx_word' id='word_1_197' title='bbox 779 2919 933 2998; x_wconf 89' lang='lat' dir='ltr'>ingenio,</span> <span class='ocrx_word' id='word_1_198' title='bbox 947 2920 1006 3000; x_wconf 94' lang='lat' dir='ltr'>qui</span> <span class='ocrx_word' id='word_1_199' title='bbox 1017 2919 1077 2982; x_wconf 91' lang='lat' dir='ltr'>diu</span> <span class='ocrx_word' id='word_1_200' title='bbox 1088 2917 1365 2983; x_wconf 89' lang='lat' dir='ltr'>haesitabundus</span> <span class='ocrx_word' id='word_1_201' title='bbox 1376 2936 1423 2982; x_wconf 90' lang='lat' dir='ltr'>an</span> <span class='ocrx_word' id='word_1_202' title='bbox 1434 2931 1602 2998; x_wconf 86' lang='lat' dir='ltr'>parentes</span> 
     </span>
     <span class='ocr_line' id='line_1_25' title="bbox 374 3025 1604 3107; baseline -0.001 -18"><span class='ocrx_word' id='word_1_203' title='bbox 374 3025 503 3107; x_wconf 88' lang='lat' dir='ltr'>optime</span> <span class='ocrx_word' id='word_1_204' title='bbox 518 3025 561 3089; x_wconf 90' lang='lat' dir='ltr'>de</span> <span class='ocrx_word' id='word_1_205' title='bbox 576 3043 614 3089; x_wconf 90' lang='lat' dir='ltr'>se</span> <span class='ocrx_word' id='word_1_206' title='bbox 628 3027 773 3089; x_wconf 91' lang='lat' dir='ltr'>meritos</span> <span class='ocrx_word' id='word_1_207' title='bbox 786 3025 1205 3107; x_wconf 84' lang='lat' dir='ltr'>benevolentissimosque</span> <span class='ocrx_word' id='word_1_208' title='bbox 1220 3026 1342 3089; x_wconf 91' lang='lat' dir='ltr'>liceret</span> <span class='ocrx_word' id='word_1_209' title='bbox 1363 3027 1400 3088; x_wconf 91' lang='lat' dir='ltr'>in</span> <span class='ocrx_word' id='word_1_210' title='bbox 1419 3036 1604 3089; x_wconf 87' lang='lat' dir='ltr'>senectute</span> 
     </span>
     <span class='ocr_line' id='line_1_26' title="bbox 374 3132 1604 3213; baseline -0.002 -17"><span class='ocrx_word' id='word_1_211' title='bbox 374 3142 408 3196; x_wconf 92' lang='lat' dir='ltr'>et</span> <span class='ocrx_word' id='word_1_212' title='bbox 433 3149 553 3196; x_wconf 89' lang='lat' dir='ltr'>rerum</span> <span class='ocrx_word' id='word_1_213' title='bbox 577 3132 850 3196; x_wconf 90' lang='lat' dir='ltr'>domesticarum</span> <span class='ocrx_word' id='word_1_214' title='bbox 869 3132 1017 3213; x_wconf 91' lang='lat' dir='ltr'>penuria</span> <span class='ocrx_word' id='word_1_215' title='bbox 1037 3133 1210 3212; x_wconf 85' lang='lat' dir='ltr'>linquere,</span> <span class='ocrx_word' id='word_1_216' title='bbox 1233 3132 1386 3210; x_wconf 88' lang='lat' dir='ltr'>tandem,</span> <span class='ocrx_word' id='word_1_217' title='bbox 1411 3140 1451 3196; x_wconf 90' lang='lat' dir='ltr'>ut</span> <span class='ocrx_word' id='word_1_218' title='bbox 1473 3132 1604 3212; x_wconf 87' lang='lat' dir='ltr'>dignus</span> 
     </span>
     <span class='ocr_line' id='line_1_27' title="bbox 374 3238 1600 3320; baseline -0.001 -18"><span class='ocrx_word' id='word_1_219' title='bbox 374 3249 466 3302; x_wconf 89' lang='lat' dir='ltr'>esset</span> <span class='ocrx_word' id='word_1_220' title='bbox 481 3238 632 3316; x_wconf 90' lang='lat' dir='ltr'>Christ0‚</span> <span class='ocrx_word' id='word_1_221' title='bbox 649 3247 787 3319; x_wconf 89' lang='lat' dir='ltr'>patrem</span> <span class='ocrx_word' id='word_1_222' title='bbox 801 3247 834 3302; x_wconf 94' lang='lat' dir='ltr'>et</span> <span class='ocrx_word' id='word_1_223' title='bbox 846 3247 995 3302; x_wconf 90' lang='lat' dir='ltr'>matrem</span> <span class='ocrx_word' id='word_1_224' title='bbox 1005 3256 1070 3318; x_wconf 92' lang='lat' dir='ltr'>pro</span> <span class='ocrx_word' id='word_1_225' title='bbox 1082 3238 1223 3303; x_wconf 89' lang='lat' dir='ltr'>Christo</span> <span class='ocrx_word' id='word_1_226' title='bbox 1235 3239 1411 3320; x_wconf 89' lang='lat' dir='ltr'>relinquit,</span> <span class='ocrx_word' id='word_1_227' title='bbox 1425 3238 1600 3303; x_wconf 90' lang='lat' dir='ltr'>ditissimo</span> 
     </span>
     <span class='ocr_line' id='line_1_28' title="bbox 373 3343 1603 3425; baseline -0.001 -15"><span class='ocrx_word' id='word_1_228' title='bbox 373 3355 408 3410; x_wconf 94' lang='lat' dir='ltr'>et</span> <span class='ocrx_word' id='word_1_229' title='bbox 421 3346 625 3425; x_wconf 82' lang='lat' dir='ltr'>gratissimo</span> <span class='ocrx_word' id='word_1_230' title='bbox 640 3344 793 3409; x_wconf 91' lang='lat' dir='ltr'>Domino</span> <span class='ocrx_word' id='word_1_231' title='bbox 807 3361 929 3409; x_wconf 92' lang='lat' dir='ltr'>eorum</span> <span class='ocrx_word' id='word_1_232' title='bbox 941 3361 1063 3410; x_wconf 89' lang='lat' dir='ltr'>curam</span> <span class='ocrx_word' id='word_1_233' title='bbox 1074 3343 1270 3425; x_wconf 80' lang='lat' dir='ltr'>injungens.</span> <span class='ocrx_word' id='word_1_234' title='bbox 1285 3343 1386 3408; x_wconf 90' lang='lat' dir='ltr'>Alius</span> <span class='ocrx_word' id='word_1_235' title='bbox 1397 3346 1603 3409; x_wconf 89' lang='lat' dir='ltr'>licentiatus</span> 
     </span>
     <span class='ocr_line' id='line_1_29' title="bbox 373 3452 1600 3533; baseline -0.001 -16"><span class='ocrx_word' id='word_1_236' title='bbox 373 3462 437 3532; x_wconf 89' lang='lat' dir='ltr'>est,</span> <span class='ocrx_word' id='word_1_237' title='bbox 453 3453 666 3533; x_wconf 90' lang='lat' dir='ltr'>cognomine</span> <span class='ocrx_word' id='word_1_238' title='bbox 682 3452 865 3516; x_wconf 91' lang='lat' dir='ltr'>Gutterius</span> <span class='ocrx_word' id='word_1_239' title='bbox 887 3453 961 3533; x_wconf 91' lang='lat' dir='ltr'>qui,</span> <span class='ocrx_word' id='word_1_240' title='bbox 976 3452 1171 3516; x_wconf 89' lang='lat' dir='ltr'>medicinae</span> <span class='ocrx_word' id='word_1_241' title='bbox 1187 3453 1397 3516; x_wconf 89' lang='lat' dir='ltr'>candidatus</span> <span class='ocrx_word' id='word_1_242' title='bbox 1411 3452 1600 3530; x_wconf 65' lang='lat' dir='ltr'>hactenus</span> 
     </span>
     <span class='ocr_line' id='line_1_30' title="bbox 373 3558 1601 3640; baseline -0.002 -17"><span class='ocrx_word' id='word_1_243' title='bbox 373 3569 407 3624; x_wconf 92' lang='lat' dir='ltr'>et</span> <span class='ocrx_word' id='word_1_244' title='bbox 430 3559 586 3624; x_wconf 91' lang='lat' dir='ltr'>doctoris</span> <span class='ocrx_word' id='word_1_245' title='bbox 607 3559 760 3638; x_wconf 87' lang='lat' dir='ltr'>gradum</span> <span class='ocrx_word' id='word_1_246' title='bbox 783 3567 1037 3640; x_wconf 87' lang='lat' dir='ltr'>assequuturus</span> <span class='ocrx_word' id='word_1_247' title='bbox 1060 3569 1211 3622; x_wconf 88' lang='lat' dir='ltr'>venturo</span> <span class='ocrx_word' id='word_1_248' title='bbox 1235 3576 1329 3622; x_wconf 92' lang='lat' dir='ltr'>anno</span> <span class='ocrx_word' id='word_1_249' title='bbox 1354 3575 1435 3623; x_wconf 90' lang='lat' dir='ltr'>cum</span> <span class='ocrx_word' id='word_1_250' title='bbox 1460 3558 1601 3623; x_wconf 87' lang='lat' dir='ltr'>Didaco</span> 
     </span>
     <span class='ocr_line' id='line_1_31' title="bbox 373 3665 1606 3747; baseline -0.002 -17"><span class='ocrx_word' id='word_1_251' title='bbox 373 3666 541 3747; x_wconf 85' lang='lat' dir='ltr'>Vazquez</span> <span class='ocrx_word' id='word_1_252' title='bbox 555 3715 562 3746; x_wconf 94' lang='lat'>,</span> <span class='ocrx_word' id='word_1_253' title='bbox 579 3665 836 3730; x_wconf 89' lang='lat' dir='ltr'>medicamenta</span> <span class='ocrx_word' id='word_1_254' title='bbox 850 3673 885 3728; x_wconf 92' lang='lat' dir='ltr'>et</span> <span class='ocrx_word' id='word_1_255' title='bbox 898 3666 1102 3729; x_wconf 88' lang='lat' dir='ltr'>morborum</span> <span class='ocrx_word' id='word_1_256' title='bbox 1113 3681 1236 3730; x_wconf 90' lang='lat' dir='ltr'>curam</span> <span class='ocrx_word' id='word_1_257' title='bbox 1249 3665 1479 3744; x_wconf 90' lang='lat' dir='ltr'>contempsit,</span> <span class='ocrx_word' id='word_1_258' title='bbox 1498 3675 1536 3730; x_wconf 94' lang='lat' dir='ltr'>ut</span> <span class='ocrx_word' id='word_1_259' title='bbox 1550 3666 1606 3728; x_wconf 89' lang='lat' dir='ltr'>vi-</span> 
     </span>
     <span class='ocr_line' id='line_1_32' title="bbox 374 3770 1602 3852; baseline -0.001 -17"><span class='ocrx_word' id='word_1_260' title='bbox 374 3782 446 3835; x_wconf 89' lang='lat' dir='ltr'>tam</span> <span class='ocrx_word' id='word_1_261' title='bbox 462 3781 496 3836; x_wconf 94' lang='lat' dir='ltr'>et</span> <span class='ocrx_word' id='word_1_262' title='bbox 515 3773 811 3835; x_wconf 89' lang='lat' dir='ltr'>resurrectionem</span> <span class='ocrx_word' id='word_1_263' title='bbox 829 3773 1014 3836; x_wconf 86' lang='lat' dir='ltr'>inveniret.</span> <span class='ocrx_word' id='word_1_264' title='bbox 1030 3772 1171 3835; x_wconf 90' lang='lat' dir='ltr'>Tertius</span> <span class='ocrx_word' id='word_1_265' title='bbox 1185 3782 1239 3834; x_wconf 92' lang='lat' dir='ltr'>est</span> <span class='ocrx_word' id='word_1_266' title='bbox 1252 3771 1395 3852; x_wconf 90' lang='lat' dir='ltr'>quidam</span> <span class='ocrx_word' id='word_1_267' title='bbox 1410 3770 1602 3852; x_wconf 85' lang='lat' dir='ltr'>theologus</span> 
     </span>
    </p>
   </div>
   <div class='ocr_carea' id='block_1_5' title="bbox 372 4003 1606 4562">
    <p class='ocr_par' dir='ltr' id='par_1_5' title="bbox 414 4003 912 4061">
     <span class='ocr_line' id='line_1_33' title="bbox 414 4003 912 4061; baseline 0.006 -14"><span class='ocrx_word' id='word_1_268' title='bbox 414 4005 423 4038; x_wconf 82' lang='lat'>¹</span> <span class='ocrx_word' id='word_1_269' title='bbox 453 4003 572 4057; x_wconf 74' lang='lat' dir='ltr'>lntelllge</span> <span class='ocrx_word' id='word_1_270' title='bbox 583 4009 672 4048; x_wconf 77' lang='lat' dir='ltr'>natum</span> <span class='ocrx_word' id='word_1_271' title='bbox 682 4005 708 4048; x_wconf 90' lang='lat' dir='ltr'>ln</span> <span class='ocrx_word' id='word_1_272' title='bbox 717 4006 779 4049; x_wconf 80' lang='lat' dir='ltr'>urbe</span> <span class='ocrx_word' id='word_1_273' title='bbox 790 4004 912 4061; x_wconf 76' lang='lat' dir='ltr'>Torrlloe.</span> 
     </span>
    </p>

    <p class='ocr_par' dir='ltr' id='par_1_6' title="bbox 375 4075 1603 4201">
     <span class='ocr_line' id='line_1_34' title="bbox 412 4075 1603 4132; baseline 0.003 -14"><span class='ocrx_word' id='word_1_274' title='bbox 412 4075 424 4108; x_wconf 86' lang='lat'><strong>¹</strong></span> <span class='ocrx_word' id='word_1_275' title='bbox 451 4075 491 4119; x_wconf 78' lang='lat' dir='ltr'>lta</span> <span class='ocrx_word' id='word_1_276' title='bbox 502 4081 618 4118; x_wconf 83' lang='lat' dir='ltr'>nostrum</span> <span class='ocrx_word' id='word_1_277' title='bbox 628 4081 830 4132; x_wconf 69' lang='lat' dir='ltr'>transumptum</span> <span class='ocrx_word' id='word_1_278' title='bbox 841 4076 886 4120; x_wconf 86' lang='lat' dir='ltr'>eed</span> <span class='ocrx_word' id='word_1_279' title='bbox 896 4077 973 4132; x_wconf 79' lang='lat' dir='ltr'>hujus</span> <span class='ocrx_word' id='word_1_280' title='bbox 983 4076 1070 4122; x_wconf 76' lang='lat' dir='ltr'>Petris</span> <span class='ocrx_word' id='word_1_281' title='bbox 1081 4087 1171 4121; x_wconf 86' lang='lat' dir='ltr'>nomen</span> <span class='ocrx_word' id='word_1_282' title='bbox 1187 4075 1234 4120; x_wconf 88' lang='lat' dir='ltr'>lult</span> <span class='ocrx_word' id='word_1_283' title='bbox 1244 4075 1398 4126; x_wconf 74' lang='lat' dir='ltr'>Prodanos,</span> <span class='ocrx_word' id='word_1_284' title='bbox 1407 4081 1485 4130; x_wconf 84' lang='lat' dir='ltr'>prout</span> <span class='ocrx_word' id='word_1_285' title='bbox 1495 4078 1603 4132; x_wconf 77' lang='lat' dir='ltr'>ecrlpsit</span> 
     </span>
     <span class='ocr_line' id='line_1_35' title="bbox 375 4145 912 4201; baseline 0.004 -11"><span class='ocrx_word' id='word_1_286' title='bbox 375 4147 509 4199; x_wconf 79' lang='lat' dir='ltr'>Polancuu,</span> <span class='ocrx_word' id='word_1_287' title='bbox 521 4145 623 4198; x_wconf 70' lang='lat' dir='ltr'>chron„</span> <span class='ocrx_word' id='word_1_288' title='bbox 633 4151 650 4189; x_wconf 91' lang='lat' dir='ltr'>t.</span> <span class='ocrx_word' id='word_1_289' title='bbox 661 4157 687 4201; x_wconf 86' lang='lat' dir='ltr'>u,</span> <span class='ocrx_word' id='word_1_290' title='bbox 696 4158 756 4201; x_wconf 80' lang='lat' dir='ltr'>pag.</span> <span class='ocrx_word' id='word_1_291' title='bbox 768 4147 819 4198; x_wconf 81' lang='lat'>128,</span> <span class='ocrx_word' id='word_1_292' title='bbox 830 4159 854 4192; x_wconf 82' lang='lat' dir='ltr'>n.</span> <span class='ocrx_word' id='word_1_293' title='bbox 865 4147 912 4192; x_wconf 79' lang='grc'>308.</span> 
     </span>
    </p>

    <p class='ocr_par' dir='ltr' id='par_1_7' title="bbox 372 4217 1606 4348">
     <span class='ocr_line' id='line_1_36' title="bbox 413 4217 1606 4274; baseline 0 -12"><span class='ocrx_word' id='word_1_294' title='bbox 413 4219 425 4251; x_wconf 81' lang='lat'><strong>³</strong></span> <span class='ocrx_word' id='word_1_295' title='bbox 452 4217 523 4262; x_wconf 78' lang='lat' dir='ltr'>Cave</span> <span class='ocrx_word' id='word_1_296' title='bbox 533 4228 565 4260; x_wconf 89' lang='lat' dir='ltr'>ne</span> <span class='ocrx_word' id='word_1_297' title='bbox 576 4217 655 4268; x_wconf 86' lang='lat' dir='ltr'>hunc,</span> <span class='ocrx_word' id='word_1_298' title='bbox 666 4219 738 4274; x_wconf 77' lang='lat' dir='ltr'>culus</span> <span class='ocrx_word' id='word_1_299' title='bbox 749 4218 862 4263; x_wconf 78' lang='lat' dir='ltr'>iamlliae</span> <span class='ocrx_word' id='word_1_300' title='bbox 873 4231 1013 4272; x_wconf 82' lang='lat' dir='ltr'>cognomen</span> <span class='ocrx_word' id='word_1_301' title='bbox 1031 4220 1115 4265; x_wconf 77' lang='lat' dir='ltr'>adhuc</span> <span class='ocrx_word' id='word_1_302' title='bbox 1131 4221 1291 4274; x_wconf 76' lang='lat' dir='ltr'>ignoramus,</span> <span class='ocrx_word' id='word_1_303' title='bbox 1309 4217 1448 4262; x_wconf 71' lang='lat' dir='ltr'>Martium</span> <span class='ocrx_word' id='word_1_304' title='bbox 1464 4218 1606 4264; x_wconf 77' lang='lat' dir='ltr'>Gutterrez</span> 
     </span>
     <span class='ocr_line' id='line_1_37' title="bbox 372 4290 1158 4348; baseline 0.005 -15"><span class='ocrx_word' id='word_1_305' title='bbox 372 4290 526 4342; x_wconf 82' lang='lat' dir='ltr'>(Gutterius)</span> <span class='ocrx_word' id='word_1_306' title='bbox 536 4302 591 4334; x_wconf 84' lang='lat' dir='ltr'>esse</span> <span class='ocrx_word' id='word_1_307' title='bbox 601 4299 683 4347; x_wconf 78' lang='lat' dir='ltr'>putes,</span> <span class='ocrx_word' id='word_1_308' title='bbox 695 4293 726 4336; x_wconf 88' lang='lat' dir='ltr'>de</span> <span class='ocrx_word' id='word_1_309' title='bbox 737 4306 786 4348; x_wconf 86' lang='lat' dir='ltr'>quo</span> <span class='ocrx_word' id='word_1_310' title='bbox 797 4293 864 4338; x_wconf 78' lang='lat' dir='ltr'>inira</span> <span class='ocrx_word' id='word_1_311' title='bbox 874 4292 900 4337; x_wconf 87' lang='lat' dir='ltr'>ln</span> <span class='ocrx_word' id='word_1_312' title='bbox 910 4292 959 4336; x_wconf 78' lang='lat' dir='ltr'>hac</span> <span class='ocrx_word' id='word_1_313' title='bbox 971 4293 1027 4348; x_wconf 81' lang='lat' dir='ltr'>ipen</span> <span class='ocrx_word' id='word_1_314' title='bbox 1038 4293 1158 4347; x_wconf 81' lang='lat' dir='ltr'>epistola.</span> 
     </span>
    </p>

    <p class='ocr_par' dir='ltr' id='par_1_8' title="bbox 373 4361 1600 4478">
     <span class='ocr_line' id='line_1_38' title="bbox 411 4361 1600 4420; baseline 0 -14"><span class='ocrx_word' id='word_1_315' title='bbox 411 4361 424 4394; x_wconf 58' lang='grc' dir='ltr'><em>ὃ</em></span> <span class='ocrx_word' id='word_1_316' title='bbox 450 4361 491 4406; x_wconf 87' lang='lat' dir='ltr'>lta</span> <span class='ocrx_word' id='word_1_317' title='bbox 502 4364 748 4418; x_wconf 76' lang='lat' dir='ltr'>cognominabantur</span> <span class='ocrx_word' id='word_1_318' title='bbox 758 4365 801 4420; x_wconf 88' lang='lat' dir='ltr'>qnl</span> <span class='ocrx_word' id='word_1_319' title='bbox 812 4363 938 4419; x_wconf 76' lang='lat' dir='ltr'>Trillngul</span> <span class='ocrx_word' id='word_1_320' title='bbox 949 4363 1123 4419; x_wconf 79' lang='lat' dir='ltr'>Complntensi</span> <span class='ocrx_word' id='word_1_321' title='bbox 1134 4363 1260 4418; x_wconf 77' lang='lat' dir='ltr'>collegio,</span> <span class='ocrx_word' id='word_1_322' title='bbox 1269 4365 1299 4407; x_wconf 87' lang='lat' dir='ltr'>de</span> <span class='ocrx_word' id='word_1_323' title='bbox 1310 4375 1358 4419; x_wconf 88' lang='lat' dir='ltr'>quo</span> <span class='ocrx_word' id='word_1_324' title='bbox 1366 4373 1457 4418; x_wconf 79' lang='lat' dir='ltr'>supra.</span> <span class='ocrx_word' id='word_1_325' title='bbox 1471 4362 1600 4417; x_wconf 78' lang='lat' dir='ltr'>adscripti</span> 
     </span>
     <span class='ocr_line' id='line_1_39' title="bbox 373 4441 455 4478; baseline 0.012 -1"><span class='ocrx_word' id='word_1_326' title='bbox 373 4441 455 4478; x_wconf 81' lang='lat' dir='ltr'>erunt.</span> 
     </span>
    </p>

    <p class='ocr_par' dir='ltr' id='par_1_9' title="bbox 412 4497 1604 4562">
     <span class='ocr_line' id='line_1_40' title="bbox 412 4497 1604 4562; baseline 0 -13"><span class='ocrx_word' id='word_1_327' title='bbox 412 4505 423 4536; x_wconf 77' lang='lat'>⁸</span> <span class='ocrx_word' id='word_1_328' title='bbox 450 4504 599 4559; x_wconf 70' lang='lat' dir='ltr'>alphonsus</span> <span class='ocrx_word' id='word_1_329' title='bbox 608 4505 701 4561; x_wconf 87' lang='lat' dir='ltr'>Lopez,</span> <span class='ocrx_word' id='word_1_330' title='bbox 713 4507 831 4552; x_wconf 82' lang='lat' dir='ltr'>Corellae</span> <span class='ocrx_word' id='word_1_331' title='bbox 845 4514 917 4553; x_wconf 73' lang='lat' dir='ltr'>ortus</span> <span class='ocrx_word' id='word_1_332' title='bbox 928 4509 953 4552; x_wconf 84' lang='lat' dir='ltr'>lo</span> <span class='ocrx_word' id='word_1_333' title='bbox 967 4507 1098 4554; x_wconf 79' lang='lat' dir='ltr'>Navarra.</span> <span class='ocrx_word' id='word_1_334' title='bbox 1113 4507 1177 4562; x_wconf 77' lang='lat' dir='ltr'>Ejus</span> <span class='ocrx_word' id='word_1_335' title='bbox 1191 4507 1334 4562; x_wconf 77' lang='lat' dir='ltr'>ingressum</span> <span class='ocrx_word' id='word_1_336' title='bbox 1344 4497 1377 4550; x_wconf 77' lang='lat' dir='ltr'>a&#39;d</span> <span class='ocrx_word' id='word_1_337' title='bbox 1391 4510 1543 4560; x_wconf 81' lang='lat' dir='ltr'>sequentem</span> <span class='ocrx_word' id='word_1_338' title='bbox 1556 4515 1604 4550; x_wconf 78' lang='lat' dir='ltr'>en·</span> 
     </span>
    </p>
   </div>
   <div class='ocr_carea' id='block_1_6' title="bbox 372 4575 1607 4701">
    <p class='ocr_par' dir='ltr' id='par_1_10' title="bbox 372 4575 1607 4701">
     <span class='ocr_line' id='line_1_41' title="bbox 372 4575 1607 4635; baseline -0.002 -15"><span class='ocrx_word' id='word_1_339' title='bbox 372 4587 431 4620; x_wconf 90' lang='lat' dir='ltr'>num</span> <span class='ocrx_word' id='word_1_340' title='bbox 441 4575 526 4631; x_wconf 87' lang='lat' dir='ltr'>rejicit</span> <span class='ocrx_word' id='word_1_341' title='bbox 537 4575 563 4620; x_wconf 88' lang='lat' dir='ltr'>P.</span> <span class='ocrx_word' id='word_1_342' title='bbox 575 4575 795 4622; x_wconf 75' lang='lat' dir='ltr'>Banraocouneus</span> <span class='ocrx_word' id='word_1_343' title='bbox 807 4579 940 4635; x_wconf 68' lang='lat' dir='ltr'>Ancurae,</span> <span class='ocrx_word' id='word_1_344' title='bbox 960 4579 1172 4623; x_wconf 72' lang='lat' dir='ltr'>curorrontston&#39;a</span> <span class='ocrx_word' id='word_1_345' title='bbox 1186 4580 1222 4622; x_wconf 84' lang='lat' dir='ltr'>-de</span> <span class='ocrx_word' id='word_1_346' title='bbox 1240 4578 1266 4622; x_wconf 86' lang='lat' dir='ltr'>la</span> <span class='ocrx_word' id='word_1_347' title='bbox 1284 4578 1428 4622; x_wconf 79' lang='lat' dir='ltr'>Provincia</span> <span class='ocrx_word' id='word_1_348' title='bbox 1444 4577 1478 4621; x_wconf 77' lang='lat' dir='ltr'>de</span> <span class='ocrx_word' id='word_1_349' title='bbox 1496 4575 1518 4621; x_wconf 87' lang='grc' dir='ltr'><em>Τ</em></span> <span class='ocrx_word' id='word_1_350' title='bbox 1517 4575 1607 4626; x_wconf 77' lang='lat' dir='ltr'>oledo,</span> 
     </span>
     <span class='ocr_line' id='line_1_42' title="bbox 373 4646 986 4701; baseline -0.003 -10"><span class='ocrx_word' id='word_1_351' title='bbox 373 4646 435 4691; x_wconf 88' lang='lat' dir='ltr'>Dec.</span> <span class='ocrx_word' id='word_1_352' title='bbox 446 4657 472 4700; x_wconf 87' lang='lat' dir='ltr'>n,</span> <span class='ocrx_word' id='word_1_353' title='bbox 484 4656 541 4700; x_wconf 80' lang='lat' dir='ltr'>cap.</span> <span class='ocrx_word' id='word_1_354' title='bbox 552 4646 572 4701; x_wconf 83' lang='lat'>2,</span> <span class='ocrx_word' id='word_1_355' title='bbox 584 4646 596 4700; x_wconf 72' lang='grc' dir='ltr'><strong>ξ</strong></span> <span class='ocrx_word' id='word_1_356' title='bbox 608 4648 627 4690; x_wconf 90' lang='lat' dir='ltr'>i.</span> <span class='ocrx_word' id='word_1_357' title='bbox 984 4660 986 4664; x_wconf 58' lang='lat'><strong><em>¹</em></strong></span> 
     </span>
    </p>
   </div>
   <div class='ocr_carea' id='block_1_7' title="bbox 0 0 1711 5524">
    <p class='ocr_par' dir='ltr' id='par_1_11' title="bbox 0 0 1711 5524">
     <span class='ocr_line' id='line_1_43' title="bbox 0 0 1711 5524; baseline 0 0"><span class='ocrx_word' id='word_1_358' title='bbox 0 0 1711 5524; x_wconf 95' lang='lat' dir='ltr'> </span> 
     </span>
    </p>
   </div>
  </div>
 </body>
</html>
