935 1458
215 168 242 182 428
407 168 493 183 LlTTF-RAB
503 172 638 185 QUADRIMESTRES

215 205 285 224 pietatis
293 205 399 220 christianae
407 205 468 220 officiis
476 205 568 223 sustineat.
577 205 650 220 libenter
659 205 726 224 emittm
737 209 779 220 nam
791 209 833 220 cum

215 231 264 247 multi
271 231 306 246 sint
314 234 330 247 et
338 236 409 251 graves,
418 232 471 247 etiam
479 236 540 247 ornnes
548 236 582 247 non
591 232 678 247 novimus.

244 257 288 273 Cum
295 261 355 273 autern
362 259 437 273 multum
446 258 523 276 laboret,
534 258 586 273 nullis
596 261 655 273 umen
666 258 755 277 [tang-itur
765 258 833 273 labori-

213 284 252 303 bus;
260 288 301 300 nam
307 284 339 304 qui
348 284 460 300 occasionem
471 283 564 300 laborandi
571 284 642 303 obtulit,
652 283 699 300 idem
708 283 833 300 fortitudinem

213 313 298 330 praestat*
307 310 373 326 Fidelis
380 310 466 326 Dominus
472 310 502 330 qui
508 315 553 326 onus
558 310 601 326 nulli
606 310 680 330 imponit
686 311 728 331 quin
734 311 785 326 vires
790 315 834 327 con-

213 337 265 357 ferat,
273 337 337 357 quibus
345 337 362 353 id
369 337 438 357 portari
445 339 463 353 et
471 337 554 353 sustineri
561 337 623 357 possit.

243 363 270 379 De
278 364 299 379 iis
308 368 352 379 vero
362 363 365 371 ¹
374 364 404 384 qui
413 364 431 380 in
438 363 491 380 domo
502 363 612 384 probationis
621 364 690 383 vivunt,
701 364 763 384 paucis
774 364 833 380 absol·

212 394 260 410 vam,
268 390 293 406 ita
300 390 347 406 enim
355 393 439 410 aratrum,
447 390 471 406 ad
478 390 525 411 quod
533 394 601 410 manus,
612 390 683 406 Christo
690 390 768 410 favente,
777 391 833 406 mise-

213 419 259 437 runt,
268 421 329 433 omnes
336 419 402 437 teuent,
410 419 429 433 ut
436 421 533 437 numquam
540 419 588 433 retro
596 417 701 437 respiciant,
711 417 743 433 sed
754 417 833 433 viriliter

212 446 268 463 agunt
275 446 292 460 et
299 444 374 459 ulterius
381 448 451 464 semper
458 443 601 464 progrediuntur.

242 470 266 486 At
275 470 304 486 hic
315 475 351 486 non
361 470 432 486 videtur
442 470 564 489 omittendum,
577 470 625 490 quod
635 470 665 486 uni
676 475 738 486 eorum
747 471 832 491 contigit,

212 497 242 517 qui
250 501 290 513 cum
298 497 369 513 domum
377 497 434 517 patris
441 497 469 513 sui
476 497 540 513 ductus
548 497 618 516 suisset,
629 499 648 513 ut
658 501 712 513 avum
722 501 793 515 senem.
802 498 833 517 qui

212 524 264 543 gravi
272 524 350 544 quodam
358 524 420 540 morbo
428 524 453 543 (ut
461 523 549 543 dicebant)
556 524 655 543 tenebatur,
664 524 734 543 viseret,
743 524 808 540 obtulit
816 524 833 540 ei

212 553 269 566 mater
276 551 399 571 strophiolum;
409 553 427 566 at
434 555 470 566 non
478 551 526 570 Licet,
535 550 591 571 iuquit
600 550 635 570 ille,
644 553 707 566 mater.
718 550 769 566 Tunc
777 550 832 570 jussit

211 577 273 593 eadem
281 579 300 593 ut
307 577 380 597 biberen
388 581 463 597 cumque
473 581 506 593 nec
516 577 533 593 id
543 577 576 593 sibi
586 577 639 593 licere
648 577 731 597 dixisset,
739 577 832 593 exclamat

211 604 246 620 illa:
255 608 297 620 num
304 608 323 624 es
330 603 377 620 filius
383 606 403 619 tu
410 604 470 620 meus?
479 608 522 619 num
530 604 575 620 haee
586 608 626 619 mea
635 604 683 620 sunt?
693 608 703 619 a
715 606 772 619 matre
783 608 832 623 quae

211 633 228 646 te
235 631 304 650 genuit,
313 631 360 651 quod
370 630 429 651 offert,
440 631 487 651 quod
497 631 569 647 mandat
576 643 580 650 ,
589 635 625 646 non
634 633 684 650 potes
693 631 786 650 accipere?
796 630 831 646 Cui

211 659 248 673 tum
255 657 284 673 ille
293 657 399 673 verecunde:
407 662 430 673 ne
437 657 506 673 mireris
512 669 516 677 ,
524 662 590 677 quaeso
595 669 599 677 ,
607 660 669 677 mater,
677 661 699 673 ue
705 657 785 677 lapillum
792 658 831 677 qui>

211 684 251 700 dem
259 686 289 700 aut
297 684 384 700 festucam
392 684 430 700 sine
437 684 537 700 obedientia
544 688 617 704 possum
624 684 714 704 accipere,
725 684 754 700 cui
764 688 793 700 me
805 686 831 700 to-

211 713 248 726 tum
255 713 328 731 propter
335 710 425 727 Christum
433 711 483 730 vovi,
491 715 524 727 nee
532 711 578 726 enim
586 713 625 727 erat
632 711 655 726 ibi
663 715 673 726 a
681 715 716 731 quo
725 710 831 727 facultatem

210 737 305 757 acciperet,
313 742 354 754 cum
360 738 390 757 illi,
399 742 409 753 a
417 738 481 758 quibus
488 738 575 754 deductus
582 737 646 757 fuerat,
654 738 672 753 in
680 738 736 753 altero
745 738 831 754 cubiculo

210 768 250 780 cum
257 767 307 784 patre
315 765 362 780 illius
369 766 434 784 essent,
442 764 485 780 dum
492 764 521 780 ille
529 768 583 780 avum
591 764 663 784 viseret,
672 764 719 784 apud
726 769 779 784 quem
791 767 830 781 tum

210 793 266 807 mater
273 795 314 807 cum
321 791 360 807 aliis
368 791 471 807 mulieribus
479 793 524 807 erat.

239 817 273 833 Sed
280 820 297 834 et
304 817 326 834 de
332 818 401 834 duobus
407 818 441 833 illis
446 818 531 834 fratribus
537 818 602 833 nostris
608 818 626 833 in
632 817 702 833 Christo
708 818 828 837 charissimis,

209 844 239 864 qui
246 844 274 860 his
281 844 343 860 diebus
351 844 373 860 ad
381 844 477 860 Dominum
484 844 512 864 (ut
519 844 617 863 credimus)
628 844 735 864 migrarunt,
747 849 784 860 non
793 848 828 863 est.

208 870 255 891 quod
263 873 339 891 taceam,
347 875 423 891 quorum
430 871 475 886 alter
482 875 505 886 ex
512 871 592 891 collegio,
601 871 646 886 alter
651 875 674 886 ex
680 870 732 886 domo
738 871 829 891 probatio-

208 897 235 913 nis
242 897 280 913 suit.
289 898 334 914 Cum
341 898 396 917 igitur
403 897 421 913 Ρ.
431 897 489 913 Natali
496 897 514 913 in
522 897 602 913 Africam
610 897 686 913 eundum
694 900 746 917 esset,
753 900 771 913 et
777 898 829 918 cogi-

208 926 254 940 taret
262 928 314 944 quem
322 928 383 940 secum
391 925 456 944 (neque
464 924 510 940 enim
519 924 568 940 solus
574 924 600 940 ire
607 924 687 944 poterat)
695 924 778 944 ducerem
789 927 829 940 tum

208 950 291 970 Isidorus,
300 951 330 971 qui
337 951 366 967 hic
373 951 442 971 publice
450 950 580 971 philosophiam
585 950 637 966 docte
643 953 660 966 et
666 951 779 967 laudabiliter
785 955 826 971 pro>

208 977 295 997 fitebatur,
304 977 369 993 obnixe
377 977 448 997 rogavit
455 980 474 993 ut
482 977 523 993 illuc
531 977 568 997 ipse
578 977 678 993 duceretur*
689 977 723 993 Sed
734 982 757 993 ue
766 978 828 993 lectio-

207 1008 239 1020 nes
247 1004 359 1024 relinqueret,
364 1004 435 1020 Patrem
441 1004 536 1023 detinebat,
541 1004 636 1024 quominus
640 1004 709 1020 socium
714 1004 748 1020 sibi
752 1008 793 1020 eum
797 1004 828 1020 de-

208 1031 276 1050 ligeret.
285 1031 422 1050 Verumtamen,
431 1035 471 1046 cum
479 1035 499 1046 ea
508 1034 563 1046 causa
570 1035 606 1046 non
612 1031 686 1046 multum
694 1031 748 1046 etiam
753 1031 828 1047 obstare

207 1057 304 1078 videretur,
313 1057 359 1078 quod
367 1057 482 1073 vacationum
490 1059 558 1077 tempus
566 1057 642 1077 adesset,
650 1057 742 1073 mandavit
748 1057 826 1077 duobus,

207 1083 274 1100 Isidoro
281 1088 345 1104 nempe
354 1086 372 1099 et
379 1084 438 1104 alteri,
447 1086 466 1099 ut
474 1088 493 1099 se
500 1084 523 1099 ad
533 1084 667 1103 navigationem
677 1084 724 1099 illam
735 1084 827 1104 quampri-

207 1114 255 1126 mum
262 1113 352 1130 paramum
360 1111 465 1126 alterutrum
473 1110 519 1126 enirn
525 1114 585 1126 secum
591 1112 695 1130 assumeret;
702 1115 765 1126 verum
771 1110 826 1126 Iside*

207 1141 238 1152 rus
245 1141 285 1152 eum
292 1139 373 1157 rogasset
381 1139 399 1152 ut
405 1137 446 1152 hinc
452 1137 546 1152 duceretur
552 1137 570 1152 in
576 1136 662 1156 Africam,
669 1137 757 1157 cogitavit
763 1141 825 1153 secum

207 1163 235 1182 (ne
242 1163 326 1184 deceptus
334 1168 344 1179 a
350 1164 442 1183 daemone,
449 1163 479 1184 qui
485 1164 502 1179 in
508 1164 591 1183 angelum
596 1163 641 1179 lucis
646 1168 685 1179 sese
692 1163 790 1180 transferre
795 1168 825 1179 so-

227 1206 230 1214 1
245 1206 293 1217 verbu
299 1206 319 1217 De
323 1206 345 1217 m·
350 1209 386 1218 vero.
391 1206 457 1217 ιιιιιιιιιιιιι
462 1206 495 1217 une
501 1205 568 1217 eol-neus:
575 1206 591 1216 m
596 1206 641 1217 antem
647 1206 665 1216 nd
669 1206 721 1217 noums
727 1206 825 1217 Messa-«enses

207 1224 267 1234 redum.
