3426 5532
405 525 459 584 380
790 524 961 581 Lirnsnnn
980 536 1249 590 Qununrussrnss

403 686 501 732 more
516 669 702 733 dominicis
717 667 959 747 testarumque
979 668 1103 730 diebus
1124 667 1280 746 peccatis
1295 665 1467 729 confessis
1608 663 1628 741 ¹,

401 776 661 838 Eucharistinm
673 759 984 854 sumere,qnornm
995 780 1099 837 tanta
1110 772 1364 836 estmaliitndo
1375 772 1628 851 atqnadrage-

401 882 533 944 simam
552 881 623 944 hiis
642 882 723 962 (sic)
743 881 866 944 diebus
881 896 952 944 non
967 898 1053 944 raro
1069 881 1244 943 excedant
1255 897 1462 956 numeram,
1477 879 1534 958 qui
1554 879 1630 958 qui-

401 989 481 1052 dem
497 989 782 1052 constantissime
797 997 1038 1070 perseverant.
1055 989 1109 1052 Ex
1124 988 1167 1050 iis
1181 1005 1267 1050 vero
1283 987 1442 1049 nonnulli
1457 991 1577 1048 tantos
1594 986 1631 1047 in

402 1096 534 1158 virtute
555 1095 671 1162 iecere
691 1113 903 1175 progressus
918 1100 958 1158 ut
977 1095 1218 1175 quotidianam
1233 1104 1267 1156 et
1282 1094 1519 1156 conscientiae
1534 1109 1630 1154 scru-

401 1203 568 1265 tationem
583 1211 616 1265 et
631 1203 824 1266 orationem
838 1203 1006 1278 haheani,·
1019 1200 1177 1282 quidam,
1194 1201 1324 1263 mundo
1340 1201 1482 1263 omnino
1493 1200 1629 1273 relict0,

402 1309 647 1372 monachalem
672 1309 737 1372 sibi
763 1309 933 1388 elegerint
957 1308 1079 1386 vitam,
1103 1325 1192 1388 quos
1217 1307 1373 1386 quidem,
1397 1307 1429 1369 si
1442 1306 1542 1370 nobis
1555 1303 1631 1384 jam

401 1416 519 1494 ampla
534 1413 657 1478 fuisset
672 1415 808 1492 domuS,
825 1415 861 1477 in
875 1413 1090 1478 Societatem
1104 1414 1220 1494 potius
1232 1431 1337 1493 quam
1353 1414 1388 1476 in
1400 1415 1509 1475 ullum
1525 1413 1632 1475 alium

402 1522 561 1604 ordinem
576 1523 799 1602 ingressuros
820 1521 929 1585 fuisse
949 1521 1140 1600 credimus,
1161 1520 1255 1600 qaod
1273 1519 1398 1582 maltis
1417 1519 1632 1582 testanhhas

397 1634 511 1710 patei.
534 1627 739 1708 Spiritualia
760 1629 929 1692 exercitia
949 1629 1065 1691 iecere
1086 1628 1261 1704 nonnulli,
1282 1627 1389 1690 iidem
1403 1627 1631 1706 praestantis-

401 1736 481 1798 simi
496 1736 759 1816 acutissimique
774 1735 923 1815 ingenii;
940 1735 1039 1797 multi
1052 1734 1301 1798 vacationibus
1316 1733 1371 1796 his
1385 1732 1424 1796 id
1439 1739 1634 1813 praestare

401 1842 533 1906 sitiunt.
561 1842 793 1923 Presbyteros
818 1851 890 1904 tres
916 1843 953 1905 in
970 1842 1118 1919 fratres
1141 1841 1358 1920 recepimus,
1385 1858 1537 1920 quorum
1561 1839 1631 1902 duo

400 1949 619 2012 christianae
628 1948 877 2029 philosophiae
892 1964 1022 2010 cursus
1037 1948 1141 2011 finem
1153 1949 1314 2027 attigere;
1332 1947 1429 2009 alias
1444 1965 1507 2028 per
1524 1947 1632 2009 trium

402 2075 575 2119 annorum
590 2057 804 2120 curriculum
819 2057 851 2118 ei
867 2057 1014 2119 navavit
1026 2073 1182 2135 operam.
1197 2054 1339 2116 Horam
1354 2059 1386 2116 et
1399 2053 1638 2134 insuperiori

400 2165 546 2226 memini
561 2164 723 2244 epistola.
746 2165 800 2227 Ex
819 2163 946 2243 quibus
966 2163 1035 2226 duo
1061 2161 1298 2226 Salmanticae
1324 2161 1632 2225 concionabantur

396 2272 554 2352 publice,
582 2273 783 2335 doctrinam
812 2272 1019 2352 reliquaque
1049 2271 1252 2334 necessaria
1279 2271 1456 2332 habentes
1488 2269 1633 2332 Horam

402 2397 498 2441 antis
512 2379 550 2440 in
565 2378 749 2442 exercitiis
763 2396 858 2442 nanc
872 2384 1002 2441 manet.
1016 2378 1116 2441 Multi
1127 2378 1187 2440 alii
1202 2378 1363 2440 doctrina
1376 2376 1536 2455 insignes
1551 2377 1632 2453 viri,

401 2503 483 2548 cum
507 2485 618 2547 divini
643 2486 773 2547 amoris
799 2486 996 2548 certissimo
1018 2482 1136 2563 jaculo
1156 2484 1225 2547 sint
1244 2483 1438 2561 vulnerati,
1461 2481 1633 2545 Societati

401 2609 472 2653 non
482 2607 608 2669 parum
616 2589 1074 2654 rnt'tiari¹.Versutissimus
1082 2591 1266 2654 tamenille
1274 2607 1317 2652 ac
1325 2589 1482 2652 lubricus
1491 2591 1631 2668 anguis,

402 2698 536 2775 primus
562 2698 661 2777 pacis
685 2707 829 2760 nostrae
849 2698 1029 2776 inimicus,
1051 2715 1122 2760 non
1145 2697 1272 2760 desinit
1299 2697 1482 2759 obstacula
1507 2697 1632 2759 neseio

401 2822 492 2885 quae
504 2802 667 2884 objicere;
683 2803 779 2867 Deus
791 2813 909 2867 tamen
922 2804 1084 2885 Optimus
1097 2803 1284 2882 Maximus
1299 2805 1359 2884 qui
1374 2804 1439 2866 hos
1452 2803 1633 2866 adducere

401 2912 569 2991 dignatus
591 2920 659 2988 est,
681 2913 835 2992 reliquos
851 2913 956 2975 etiam
973 2912 1112 2975 adferre
1127 2912 1218 2988 (sic).
1241 2911 1398 2975 Veniunt
1413 2911 1535 2973 itidem
1547 2929 1634 2972 non·

400 3019 487 3082 nulli
501 3029 539 3082 ut
555 3036 636 3082 cum
654 3018 817 3082 Patribus
840 3019 883 3082 de
902 3019 1008 3082 rebus
1027 3020 1093 3098 piis
1115 3017 1422 3098 sanctissimisque
1440 3017 1635 3080 familiaria

400 3127 555 3188 excitent
570 3126 756 3206 colloquia,
770 3127 829 3205 qui
842 3143 963 3188 omnes
975 3126 1131 3189 maxima
1142 3125 1223 3188 inde
1235 3133 1418 3203 reportant
1429 3124 1632 3189 utilitatem.

403 3231 585 3295 Vocamur
598 3241 784 3312 praeterea
800 3233 925 3296 crebro
941 3241 978 3296 ut
994 3232 1040 3295 ad
1055 3233 1244 3295 coelestem
1263 3231 1359 3294 illam
1381 3231 1534 3312 patriam
1556 3249 1635 3311 per·

399 3339 562 3402 volantes
578 3337 796 3419 adjuvemus;
814 3357 879 3401 nec
896 3341 1010 3403 solum
1031 3339 1091 3419 qui
1113 3338 1149 3402 id
1169 3355 1283 3418 genus
1304 3339 1445 3417 pietatis
1464 3347 1636 3400 exercent

400 3445 564 3508 morienti
589 3463 693 3524 opem
717 3445 852 3525 ierunt3
878 3463 1004 3509 verum
1025 3455 1060 3509 et
1081 3445 1257 3508 incidente
1276 3445 1464 3509 occasione
1483 3445 1635 3508 circum·
1704 3465 1705 3483 ¹

400 3558 535 3615 stantes
552 3560 694 3614 monent
709 3571 753 3614 ac
767 3553 955 3615 hortantur
975 3561 1012 3615 ut
1031 3553 1066 3614 in
1087 3553 1122 3616 id
1140 3553 1276 3632 seipsos
1298 3560 1425 3632 parent
1444 3553 1632 3631 temporis

401 3658 654 3721 conscientiam
671 3658 715 3720 ab
733 3658 827 3720 omni
848 3659 925 3720 labe
939 3659 1166 3738 mundantes;
1183 3667 1221 3722 ut
1237 3676 1351 3738 nuper
1367 3657 1533 3736 coah'git.
1551 3657 1633 3736 Qui·

386 3765 482 3828 vdam
496 3763 591 3827 enim
608 3781 713 3844 eques
727 3764 765 3827 in
779 3765 846 3828 hac
856 3765 999 3828 civitate
1007 3765 1164 3845 primas,
1175 3766 1348 3845 proximis
1359 3765 1493 3843 diebuS,
1508 3775 1564 3826 ter
1576 3767 1634 3827 vel

401 3881 526 3952 quater
542 3872 587 3934 ad
607 3873 731 3934 ultima
751 3872 927 3953 pervenit,
942 3890 1011 3952 quo
1027 3872 1132 3935 Pater
1146 3872 1283 3935 Doctor
1298 3871 1436 3951 petitas
1456 3889 1494 3933 se
1510 3882 1634 3934 contu·

400 3979 451 4056 lit,
468 3979 570 4058 eique
585 3978 740 4041 animum
759 3987 797 4040 ut
818 3987 960 4042 strenue
985 3988 1160 4059 pugnaret
1174 3977 1347 4041 adversus
1367 3977 1497 4040 diaboli
1521 3987 1635 4040 tenta·
1704 4029 1705 4040 ,

401 4084 515 4148 tiones
528 4093 677 4148 conatus
688 4095 741 4148 est
753 4085 893 4148 addere.
908 4085 967 4148 Ea
976 4092 1095 4149 tamen
1107 4085 1174 4161 die,
1188 4103 1258 4166 qua
1270 4085 1424 4147 animam
1435 4084 1632 4162 exhalavit,

403 4191 514 4255 adfuit
536 4207 615 4254 cum
640 4191 712 4253 alio
736 4193 845 4270 socia,
864 4191 926 4254 abi
941 4194 1031 4256 hona
1052 4191 1356 4255 salmantinoram
1370 4190 1529 4270 equitnm
1539 4199 1634 4271 pars

402 4314 473 4360 non
498 4298 633 4377 deerat,
659 4315 721 4360 nec
746 4299 894 4361 aberant
917 4299 1024 4362 etiam
1049 4300 1239 4362 multorum
1263 4299 1426 4362 ordinum
1451 4299 1632 4376 monachi;
1704 4367 1705 4370 Ἴ

401 4421 480 4467 cum
495 4410 614 4467 antem
628 4406 785 4485 equitum
800 4411 929 4468 conata
952 4426 973 4468 a
993 4424 1154 4469 sermone
1175 4405 1408 4484 destitissent,
1432 4415 1506 4467 tum
1527 4405 1633 4468 Pater

442 4609 451 4642 ἱ
481 4609 527 4654 Est
538 4611 605 4654 inter
616 4611 747 4666 confessis
757 4618 783 4654 ct
794 4611 997 4655 Eucharisliain
1010 4612 1163 4654 vocabulum
1173 4611 1299 4664 quoddam
1310 4611 1346 4654 sic
1357 4609 1431 4654 lineis
1442 4619 1597 4663 coopertum
1606 4617 1634 4655 nt
1704 4605 1705 4636 ἕ

401 4681 452 4736 legi
464 4693 512 4726 non
522 4683 613 4736 possit.
1704 4685 1705 4698 ¹

441 4755 452 4784 ἓ
481 4753 531 4806 Sic,
542 4754 671 4798 sententia
682 4765 730 4797 non
740 4754 864 4807 perfecta.
