3378 5530
385 534 440 593 aaa
771 537 941 596 Ltrrsaua
960 553 1229 604 Qunnutuasrnes

444 679 546 743 Nunc
561 682 604 744 de
620 681 837 745 charissimis
853 683 888 745 in
900 680 1053 745 Domino
1064 682 1233 745 fratribus
1243 699 1359 762 pauca
1375 683 1511 761 dicam,
1527 702 1607 763 quo-

386 804 464 850 rum
480 805 565 850 sane
580 787 703 851 virtuti
717 796 752 851 et
767 789 965 852 incredibili
978 789 1095 852 studio
1110 789 1251 870 pietatis
1265 789 1328 852 vix
1342 805 1467 870 parem
1484 791 1610 852 oratio-

386 911 467 957 nem
482 893 634 957 iuveniri
648 912 753 975 posse
764 895 946 975 existim03
962 905 1128 959 tantaest
1141 896 1305 959 intereos
1321 897 1523 960 animorum
1534 883 1611 958 conl

383 998 529 1079 junctio,
546 1009 645 1064 tanta
660 1002 697 1064 in
710 1002 869 1082 parendo
885 1003 1047 1066 omnibus
1062 1001 1313 1083 promptitudo,
1330 1011 1451 1066 tantus
1465 1020 1611 1083 pauper-

387 1108 479 1184 tatis,
497 1108 744 1188 simplicitatis
766 1117 800 1172 et
815 1109 981 1190 propriae
1000 1108 1280 1172 mortificationis
1299 1126 1411 1189 amor,
1435 1118 1510 1172 tam
1532 1127 1611 1172 rara

385 1215 593 1277 humilitatis
608 1217 781 1295 exempla.
798 1214 914 1296 Atque
929 1216 964 1278 in
979 1216 1035 1278 his
1055 1217 1218 1279 omnibus
1233 1217 1377 1295 egregie
1398 1216 1482 1279 licet
1502 1219 1611 1278 excel·

385 1323 471 1398 lant,
488 1321 644 1401 quotidie
659 1330 779 1384 tamen
793 1340 832 1384 se
845 1323 943 1402 ipsos
957 1323 1117 1404 vincere,
1133 1333 1169 1385 et
1183 1323 1229 1386 ad
1243 1321 1413 1403 majorem
1429 1322 1612 1402 perfectio-

386 1444 466 1489 nem
478 1427 642 1507 evadere,
653 1429 831 1509 omniqua
842 1437 990 1509 possunt
1002 1428 1184 1508 diligentia
1195 1428 1364 1492 nituntur.
1375 1427 1414 1492 ln
1426 1429 1471 1492 iis
1484 1439 1609 1501 autem,

386 1551 477 1612 quae
491 1533 537 1596 ad
553 1533 785 1598 humilitatem
799 1536 987 1615 pertinent,
1004 1552 1085 1599 cum
1104 1537 1228 1616 primis
1242 1535 1399 1614 gaudent
1418 1553 1457 1598 se
1473 1552 1611 1598 exerce·

385 1658 434 1718 re,
451 1649 490 1704 ut
505 1650 557 1703 est
573 1640 716 1705 abluere
732 1660 820 1705 vasa
835 1643 1029 1720 culinaria,
1046 1659 1189 1706 verrere
1204 1643 1363 1722 domum,
1380 1653 1570 1722 extergere
1581 1657 1612 1704 et

384 1747 555 1826 inungere
570 1747 719 1812 fratrum
733 1750 891 1827 calceos,
909 1758 942 1812 et
958 1750 1026 1812 alia
1042 1749 1077 1812 id
1091 1766 1221 1829 genuS,
1243 1767 1333 1830 quae
1350 1763 1551 1830 praetereo,
1569 1751 1609 1812 ad

385 1872 475 1934 quae
490 1854 608 1918 omnia
624 1855 673 1918 illi
688 1864 786 1918 tanto
802 1854 929 1918 ardore
944 1855 1115 1934 feruntur,
1131 1865 1170 1919 ut
1190 1873 1259 1937 ego
1273 1856 1520 1936 huiuscemodi
1539 1875 1609 1936 spc-

384 1962 533 2024 ctaculis
547 1978 801 2043 saepenumero
817 1962 854 2024 in
868 1979 924 2024 me
939 1963 1016 2042 ipso
1032 1971 1127 2025 totus
1141 1962 1349 2027 confundar.

444 2067 572 2132 Sumus
588 2066 662 2149 jam
687 2068 930 2147 duodeviginti
952 2069 987 2131 in
1007 2068 1075 2131 hoc
1096 2069 1262 2148 collegio;
1282 2068 1353 2132 R.⁶¹
1368 2070 1463 2134 enim
1490 2070 1612 2134 Patres

384 2174 682 2252 ingolstadienses
701 2176 873 2238 miserunt
893 2174 939 2238 ad
951 2192 1017 2238 nos
1037 2175 1125 2238 duos
1140 2175 1383 2239 adolescentes
1398 2175 1609 2252 Germanos,

386 2281 447 2360 qui
460 2297 629 2360 magnam
643 2297 730 2343 sane
745 2282 1027 2361 expectationem
1043 2281 1086 2345 de
1101 2300 1139 2344 se
1154 2282 1348 2346 concitant.
1365 2281 1509 2347 Tertius
1527 2302 1611 2346 vero

384 2405 422 2449 se
440 2387 542 2450 nobis
556 2388 613 2451 hic
628 2387 808 2468 adjunxit:
823 2387 854 2449 is
868 2396 921 2450 est
934 2386 1075 2450 Sclavo.
1092 2387 1206 2450 Callet
1219 2397 1339 2451 tamen
1352 2389 1510 2470 perfecte
1529 2391 1608 2454 idio-

385 2511 443 2556 ma
465 2493 732 2574 Germanicum,
753 2511 819 2557 nec
844 2495 953 2558 multo
973 2494 1089 2556 minus
1108 2494 1152 2556 de
1176 2494 1234 2557 illo
1259 2512 1365 2574 quam
1390 2497 1434 2559 de
1461 2501 1610 2560 caeteris

383 2617 464 2680 spes
479 2611 543 2664 est.

441 2705 543 2786 Quod
572 2708 618 2770 ad
643 2707 759 2771 studia
784 2709 928 2784 attinet,
954 2709 1108 2792 quinque
1136 2709 1306 2772 lectiones
1332 2710 1491 2790 quotidie
1515 2712 1608 2774 domi

382 2813 479 2892 fiunt,
496 2831 646 2894 quarum
667 2823 739 2878 tres
754 2815 885 2878 latinae
905 2824 997 2894 sunt,
1018 2825 1144 2895 quarta
1158 2833 1302 2896 graeca,
1321 2817 1444 2880 ultima
1465 2817 1607 2881 Germa-

380 2921 477 2999 nica;
507 2921 634 3002 quibus
663 2923 769 2984 etiam
799 2922 1053 3001 disputationes
1087 2931 1122 2985 et
1153 2923 1379 3002 repetitiones
1408 2923 1607 3004 frequentes

380 3026 566 3092 adduntur.
583 3028 779 3092 Dominicis
798 3029 958 3109 singulis
980 3037 1085 3108 atque
1107 3028 1214 3093 etiam
1229 3030 1329 3093 festis
1348 3048 1455 3110 saepe
1474 3031 1605 3108 diebus,

378 3136 491 3198 oratio
506 3135 616 3198 latina
631 3153 754 3199 coram
767 3135 851 3199 Ν·
865 3135 1030 3200 Patribus
1045 3146 1080 3199 et
1098 3134 1269 3200 fratribus
1292 3137 1335 3199 de
1349 3137 1408 3216 pia
1430 3155 1470 3200 re
1490 3138 1605 3218 aliqua

378 3243 559 3304 recitatur.
576 3241 811 3305 Germanicae
826 3243 933 3306 etiam
954 3244 1145 3307 conciones
1165 3243 1201 3306 in
1222 3260 1333 3306 coena
1352 3261 1605 3325 nonnunquam

378 3367 399 3410 a
426 3347 616 3413 Germanis
635 3351 716 3429 (quo
737 3351 880 3413 nomine
903 3350 1060 3414 flandros
1086 3368 1225 3431 quoque
1244 3350 1419 3428 intelligo)
1439 3350 1543 3430 fiunt,
1570 3363 1605 3414 ut

377 3456 520 3534 linguae
546 3456 648 3519 istius
672 3456 997 3537 promptitudinem,
1021 3457 1057 3519 in
1082 3456 1311 3520 concionibus
1329 3457 1481 3537 publicis
1503 3461 1605 3538 paulo

378 3572 470 3642 post,
487 3572 526 3625 ut
541 3579 738 3643 speramus
755 3564 835 3627 usui
848 3562 1014 3641 futuram,
1031 3563 1228 3644 acquirant.
1243 3563 1387 3626 Adeunt
1402 3563 1510 3628 etiam
1523 3582 1604 3627 non-

376 3669 463 3731 nulli
477 3668 627 3732 fratrum
639 3669 799 3750 publicas
810 3670 1049 3733 studiosorum
1059 3669 1323 3749 philosophicas
1336 3669 1603 3750 disputationes,

377 3774 444 3854 ipsi
460 3791 598 3855 quoque
613 3775 837 3855 disputaturi,
853 3775 915 3839 ubi
933 3793 975 3838 eo
995 3775 1157 3838 libentius
1177 3774 1377 3852 audiuntur,
1400 3794 1471 3856 quo
1490 3779 1603 3841 mode-

376 3882 465 3944 stius
489 3899 527 3946 se
546 3892 685 3962 gerunt,
710 3883 794 3946 dum
817 3882 952 3945 scilicet
979 3900 1133 3962 eaquae
1157 3891 1356 3963 proponunt
1380 3893 1601 3963 argumenta,

376 3987 524 4052 forsitan
545 3988 684 4052 acutius
700 3989 790 4067 aliis,
813 3989 1030 4068 pertinacius
1050 4005 1121 4051 non
1135 4000 1275 4067 urgent,
1297 4007 1341 4051 ne
1361 3990 1519 4069 palmam
1534 3992 1602 4053 lau·

376 4094 526 4176 demque
541 4095 681 4158 auferre
697 4096 787 4158 velle
802 4094 1001 4158 videantur.

435 4201 636 4266 Reverendi
650 4201 774 4265 Patres
789 4202 825 4264 in
839 4201 911 4265 suis
927 4201 1060 4264 scilicet
1075 4199 1198 4264 Sancti
1213 4201 1314 4264 Pauli
1328 4210 1363 4264 et
1377 4201 1512 4282 Mag.tri
1528 4221 1601 4290 sen·

376 4309 567 4372 tentiarum
580 4309 790 4372 lectionibus
806 4308 906 4388 (quas
921 4325 1042 4371 omnes
1057 4307 1130 4371 fere
1146 4307 1275 4371 fratres
1290 4324 1429 4388 quoque
1446 4309 1600 4372 audium

376 4433 447 4478 non
461 4415 676 4478 mediocrem
690 4432 919 4495 progressum
936 4414 1112 4493 fecerunt;
1134 4415 1171 4477 in
1192 4415 1317 4495 quibus
1332 4426 1371 4478 ut
1395 4414 1603 4495 prodessent

375 4521 614 4600 auditoribuS,
645 4530 859 4601 putaverunt
884 4521 1140 4601 disputationes
1167 4539 1245 4583 esse
1270 4521 1519 4600 instituendas
1543 4523 1599 4584 ubi

374 4645 464 4708 quae
480 4639 554 4692 tota
569 4629 767 4709 septimana
779 4629 871 4692 lecta
883 4637 916 4691 et
931 4628 1064 4691 dictata
1079 4637 1171 4707 sunt,
1188 4637 1263 4692 toto
1275 4629 1452 4692 auditorio
1467 4629 1599 4709 reliquo

374 4736 563 4816 assidente,
577 4755 597 4799 a
609 4737 742 4800 nostris
757 4736 907 4816 primum
922 4735 1122 4814 exiguntur,
1139 4736 1279 4799 demum
1305 4737 1524 4816 argumentis
1540 4736 1598 4798 im-
