3400 5532
332 414 386 474 296
718 413 888 472 errunna
907 429 1178 482 oannntuasmes

333 559 438 639 deriS,
451 560 578 639 illaque
586 557 710 638 jubeas
721 567 760 623 ut
771 559 817 622 ad
828 576 893 622 nos
905 559 1023 624 statim
1034 559 1165 638 veniat,
1173 560 1306 622 relictis
1317 559 1443 638 quibus
1454 559 1567 622 modo

333 667 508 730 detinetur
527 666 766 729 concionibus,
789 665 914 729 Facies
934 666 1001 729 hoc
1021 667 1094 746 (sat
1115 667 1257 744 scimus)
1272 666 1377 730 modo
1392 666 1569 729 advertas

334 774 487 837 maxime
501 791 568 836 nos
581 773 796 838 christianae
812 773 1056 854 philosophiae
1070 774 1233 838 doctrina
1248 774 1418 853 indigere.

394 880 556 945 Christus
569 882 672 964 Jesus
686 898 795 961 opera
809 879 845 943 in
859 890 893 944 te
908 891 1032 944 sancta
1047 881 1216 962 perficiat.

395 988 451 1051 Ab
466 989 610 1052 Uelensi
624 987 767 1068 Senatu,
784 997 911 1068 quarto
926 987 1074 1051 Kalend.
1091 987 1210 1052 Martii
1228 988 1334 1064 1551.ῃ

395 1094 454 1159 Ad
468 1095 556 1158 haec
571 1094 676 1158 Pater
692 1111 756 1174 pro
772 1096 941 1175 temporis
962 1095 1212 1159 commoditate
1232 1093 1393 1174 apposite
1412 1111 1475 1174 per
1490 1093 1571 1156 lite·

334 1220 395 1265 ras
419 1200 613 1281 respondit,
639 1201 783 1264 Patrum
807 1202 992 1282 penuriam
1012 1201 1196 1266 desideriis
1220 1218 1343 1264 eorum
1368 1217 1567 1282 opponens;

335 1309 512 1389 pollicitus
527 1319 645 1372 tamen
663 1308 740 1372 fore
755 1309 946 1389 aliquando
964 1308 1074 1390 (quod
1094 1308 1236 1389 quidem
1256 1307 1397 1371 divinae
1419 1308 1568 1370 misera·

336 1416 443 1478 tionis
463 1432 572 1495 opera
592 1414 741 1478 suadent
763 1417 919 1495 sperare)
940 1425 978 1479 ut
1001 1413 1140 1478 abunde
1161 1415 1310 1478 satisfiat
1329 1424 1403 1478 tam
1421 1413 1500 1494 piae
1521 1432 1569 1476 ac

337 1521 525 1602 religiosae
540 1539 663 1586 eorum
678 1523 862 1585 voluntati.

396 1628 578 1692 Hactenus
604 1629 650 1692 ad
674 1629 837 1708 spiritum
856 1629 1030 1694 duntaxat
1058 1629 1266 1711 spectantia.
1285 1627 1404 1706 Nunc,
1421 1627 1568 1702 silibet,

337 1735 539 1814 humiliora,
556 1736 686 1816 quippe
700 1736 919 1815 temporalia,
941 1736 1054 1800 obiter
1069 1725 1297 1813 attingamus.
1320 1733 1403 1798 Alia
1422 1733 1569 1814 quidem

338 1841 434 1906 domi
454 1850 596 1905 nostrae
612 1851 731 1906 erecta
750 1851 833 1906 sunt
847 1841 1026 1922 aedificia;
1044 1841 1106 1906 sed
1120 1841 1274 1906 Domino
1291 1841 1298 1872 ¹
1315 1843 1394 1904 loca
1409 1840 1504 1904 horti
1520 1859 1565 1902 ac

337 1948 570 2012 bibliothecae
592 1966 678 2029 prae
703 1949 853 2014 caeteris
878 1949 1027 2012 a'moena
1051 1957 1086 2013 et
1104 1947 1260 2028 jucunda
1290 1957 1381 2012 sunt.
1412 1947 1571 2010 Hortum

337 2072 448 2137 prope
474 2055 671 2134 Collegium
692 2053 871 2135 jacentem
895 2067 997 2120 extra
1017 2057 1213 2137 pomerium
1235 2056 1354 2136 oppidi
1382 2054 1567 2135 perforato

338 2178 439 2225 muro
454 2162 603 2240 adimus,
616 2162 675 2242 qui
687 2162 930 2242 septingentos
940 2171 975 2226 et
987 2163 1133 2242 triginta
1143 2162 1252 2242 pedes
1263 2161 1367 2225 habet
1380 2161 1415 2224 in
1428 2160 1565 2224 ambitu

339 2269 557 2332 densissimis
571 2269 738 2332 arborum
756 2287 799 2332 ac
814 2268 1002 2334 fructicum
1013 2280 1047 2333 et
1062 2269 1252 2333 herbarum
1266 2267 1289 2332 ⁸.
1306 2269 1345 2332 In
1359 2267 1434 2347 ejus
1447 2267 1565 2331 medio

339 2392 382 2437 ac
406 2376 516 2438 veluti
540 2384 663 2438 centro
688 2384 814 2455 puteus
839 2384 988 2462 apparet
1010 2394 1135 2456 aquae,
1162 2385 1200 2438 ut
1224 2373 1491 2456 limpidissimae
1517 2369 1568 2436 ita

340 2481 448 2545 etiam
461 2482 624 2561 salubris,
641 2490 679 2545 ut
694 2482 801 2545 fontis
821 2499 864 2545 ac
883 2481 1003 2561 stagni
1020 2483 1136 2546 vicem
1155 2499 1281 2562 gerere
1300 2480 1426 2544 merito
1449 2480 1569 2544 videa-

340 2597 408 2651 tur.
425 2587 606 2652 Murorum
620 2606 720 2667 ver0,
732 2589 857 2670 quibus
874 2588 1037 2669 cingitur,
1055 2588 1202 2652 altitudo
1220 2587 1257 2651 18
1270 2588 1399 2668 pedum
1417 2596 1482 2666 est,
1496 2604 1567 2649 ma·

340 2695 446 2757 teries
457 2694 587 2775 valida,
603 2697 739 2776 species
754 2696 913 2776 pulchra,
927 2695 1006 2758 fons
1019 2696 1239 2777 praesertim,
1255 2693 1566 2774 conspectantibus

339 2819 384 2864 ex
398 2817 502 2881 agro;
518 2802 810 2880 deambulatoria,
829 2818 920 2882 quae
936 2802 1105 2865 lateribus
1121 2802 1216 2866 horti
1231 2801 1277 2864 ad
1294 2816 1477 2864 murorum
1491 2798 1567 2862 fun·

339 2908 506 2972 damenta
533 2907 706 2988 adjacent,
734 2919 886 2989 quatuor
911 2918 1004 2988 sunt,
1031 2925 1122 2990 quae
1152 2908 1296 2974 totidem
1323 2908 1416 2972 aeris
1446 2916 1568 2971 vento-

339 3033 486 3095 rumque
505 3016 709 3095 regionibus
729 3024 965 3097 opponuntur.
987 3013 1056 3080 Sed
1072 3017 1108 3080 in
1123 3015 1354 3079 bibliothecae
1375 3029 1479 3078 usum
1500 3019 1570 3076 tar—

340 3123 404 3186 rim
421 3123 522 3202 (quae
538 3139 719 3186 murorum
733 3123 851 3203 oppidi
866 3140 950 3204 pars
965 3132 1029 3202 est,
1051 3131 1278 3203 prospectum
1298 3136 1569 3201 quoquoversus

338 3229 508 3292 latissime
523 3239 701 3308 patentem
711 3238 745 3292 et
757 3229 869 3293 oculis
880 3229 1124 3308 gratissimum
1133 3226 1306 3309 [habens])
1317 3226 1570 3290 convertimus

399 3333 532 3415 Scripsi
544 3335 715 3418 Januario
731 3337 907 3416 proximo,
929 3345 967 3398 ut
988 3336 1152 3414 arbitror,
1173 3334 1362 3398 nunciasse
1371 3333 1480 3396 ¹nobis
1499 3330 1570 3394 Do·

342 3453 477 3506 ctorem
492 3441 694 3522 Vergaram
707 3440 908 3524 quemdam,
929 3442 989 3522 qui
1008 3442 1195 3504 ecclesiam
1217 3441 1298 3504 huic
1319 3440 1477 3519 Collegio
1497 3440 1573 3502 suis

342 3550 540 3631 sumptibus
554 3549 659 3613 vellet
674 3549 872 3629 aedificare,
887 3547 1035 3629 jussisse
1050 3557 1088 3611 ut
1103 3549 1361 3612 delineamenta
1378 3564 1420 3610 ac
1440 3547 1569 3610 descri-

341 3656 499 3736 ptionem
511 3656 556 3718 ad
571 3674 608 3718 se
624 3657 851 3720 mitteremus.
870 3655 971 3718 Nunc
987 3671 1073 3734 ergo
1089 3656 1275 3735 vulgatum
1287 3651 1361 3732 jam
1375 3670 1454 3717 esse
1475 3653 1571 3716 scias

341 3763 436 3824 hunc
452 3779 530 3824 esse
544 3762 716 3825 illustrem
730 3761 903 3826 Comitem
917 3761 960 3824 de
971 3761 1091 3824 Melito
1103 3758 1125 3839 ³,
1140 3761 1199 3842 qui
1214 3760 1359 3823 missam
1380 3759 1447 3823 sibi
1461 3760 1573 3822 eccle-

343 3869 418 3932 siae
444 3869 717 3949 descriptionem
736 3877 774 3932 ut
795 3885 921 3950 parum
939 3867 1166 3948 magnificam
1192 3867 1418 3947 contempsit,
1440 3867 1571 3946 quippe

344 3974 403 4054 qui
419 3974 552 4038 illustre
568 3983 602 4038 et
616 3975 842 4039 memorabile
857 3992 945 4056 opus
960 3974 1045 4037 velit
1060 3972 1266 4050 aedificare;
1288 3983 1393 4053 atque
1415 3973 1483 4036 hoc
1498 3983 1575 4036 tam

343 4099 388 4144 ex
407 4082 526 4144 animo
541 4079 636 4159 iacit,
653 4091 691 4144 ut
711 4080 997 4161 chirographum,
1014 4089 1128 4144 suaet
1147 4081 1270 4142 uxoris
1292 4097 1399 4143 manu
1419 4079 1572 4143 subscri·

343 4172 453 4268 ptum,
479 4186 547 4250 huc
569 4187 614 4250 ad
632 4198 900 4268 procuratorem
927 4203 1030 4251 suum
1055 4186 1129 4267 jam
1154 4187 1300 4264 miserit,
1334 4203 1404 4267 quo
1431 4183 1574 4266 jubetur

391 4426 398 4456 ¹
429 4425 485 4481 Sic3
496 4427 541 4469 sed
552 4427 619 4470 forte
631 4427 731 4470 librarii
742 4437 815 4470 error
825 4432 864 4470 est
874 4438 921 4481 pro
932 4427 1047 4470 omniuo.

388 4498 400 4529 ¹
429 4495 471 4542 Slc
482 4504 598 4543 nostruin
609 4499 749 4552 exemplam
760 4499 848 4540 deesse
860 4505 947 4541 tamen
957 4486 1061 4542 videtur
1071 4498 1174 4552 aliquod
1186 4499 1302 4541 verbum.

387 4567 398 4600 ³
426 4567 539 4612 Didacus
550 4568 668 4614 Hurtado
679 4570 709 4612 de
723 4568 853 4621 Medione,
864 4568 1005 4613 Melitensis
1016 4568 1107 4614 Comes
1121 4575 1147 4612 et
1158 4577 1249 4624 postea
1265 4567 1323 4611 Dux
1334 4569 1364 4614 de
1376 4567 1541 4615 Francnvllla
1552 4575 1578 4612 et

349 4641 500 4694 aragoniae
510 4639 624 4684 Pro-rex.
