3400 5532
375 486 430 543 335
764 481 934 539 errsana
953 496 1223 547 ouabmuasrnas

375 630 470 693 modi
489 627 794 692 exhortationibus
816 628 862 690 ad
879 627 1066 707 patienter,
1084 636 1119 689 et
1134 635 1278 707 propter
1294 625 1426 690 Christi
1449 643 1610 688 amorem

383 737 542 812 libenter,
559 733 742 798 ferendam
760 734 1018 813 aegritudinem
1035 733 1363 797 animadvertimus.

435 842 632 907 Dominicis
648 851 683 903 et
699 841 836 904 festivis
851 841 974 905 diebus
989 842 1034 903 ad
1050 841 1334 916 communionem
1348 857 1420 902 non
1435 839 1559 919 pauci,
1577 851 1611 900 et

379 952 471 1014 inter
485 968 547 1013 eos
562 948 670 1028 aliqui
684 966 730 1010 ex
744 948 986 1027 nobilioribus,
1003 949 1050 1011 ad
1063 956 1223 1011 nostram
1246 947 1434 1010 ecclesiam
1449 946 1611 1009 veniunt.

375 1055 567 1138 Speramus
581 1064 700 1118 autem
714 1053 828 1134 majus
848 1055 884 1117 in
906 1055 980 1118 dies
999 1055 1273 1134 occupationum
1295 1053 1531 1134 spiritualium
1552 1071 1612 1114 au-

375 1171 570 1244 gmentum,
580 1163 734 1225 excitata
743 1162 925 1225 hominum
935 1163 1122 1225 devotione
1131 1171 1205 1225 turn
1214 1159 1540 1242 praedicationibus
1549 1157 1613 1220 Pn-

377 1271 441 1333 tris
457 1269 622 1332 Andreae
637 1268 771 1344 Frusii,
788 1285 879 1347 quae
895 1267 1009 1331 doctis
1024 1286 1136 1348 aeque
1150 1277 1184 1331 et
1200 1267 1351 1330 indoctis
1371 1284 1433 1347 per
1449 1265 1517 1328 Dei
1531 1283 1614 1344 gra.

379 1376 465 1438 tiam
491 1373 629 1438 abunde
654 1373 893 1454 satisfaciunt,
919 1382 994 1437 tum
1013 1375 1222 1437 lectionibus
1248 1375 1419 1454 epistolae
1442 1372 1543 1436 Pauli
1568 1374 1615 1435 ad

378 1480 559 1544 Romanos
570 1498 671 1561 quae,
685 1480 842 1543 secunda
854 1488 887 1543 et
899 1490 1026 1562 quarta
1041 1490 1075 1544 et
1087 1490 1189 1544 sexta
1200 1480 1301 1560 seria,
1317 1480 1361 1543 ab
1373 1480 1498 1542 eodem
1508 1477 1616 1542 Patre

380 1590 644 1668 praeleguntur.

439 1695 493 1758 Ex
511 1695 594 1757 ludo
614 1695 787 1758 litterario
809 1704 842 1757 et
867 1695 1007 1774 schola,
1035 1711 1141 1773 quam
1162 1694 1221 1757 hic
1241 1703 1398 1758 statuere
1419 1694 1614 1774 coepimus,

377 1809 589 1882 proventum
605 1802 712 1864 etiam
726 1801 827 1864 nobis
843 1801 965 1864 divina
980 1802 1123 1864 bonitas
1137 1801 1293 1864 ostendit
1302 1819 1374 1864 non
1385 1801 1614 1872 mediocrem,

378 1918 453 1970 tum
468 1909 504 1971 in
519 1908 745 1970 scholasticis
758 1907 856 1988 ipsiS,
875 1917 949 1970 tum
964 1908 1001 1970 in
1015 1925 1138 1970 eorum
1152 1906 1370 1986 parentibus,
1387 1906 1447 1986 qui
1463 1905 1616 1970 filiorum

379 2015 567 2077 occasione
591 2013 794 2095 frequentes
821 2013 996 2076 intersunt
1015 2014 1360 2094 praedicationibus,
1382 2014 1427 2075 ad
1451 2013 1617 2094 Xpianae

378 2121 563 2184 doctrinae
588 2120 862 2202 explicationem
886 2120 1098 2200 perlibenter
1119 2121 1282 2200 veniunt,
1303 2121 1428 2183 crebro
1449 2119 1616 2183 confiten-

380 2236 447 2306 tur,
464 2228 532 2307 piis
547 2228 689 2291 demum
704 2227 869 2307 operibus
885 2228 1020 2290 solicite
1035 2245 1073 2290 se
1090 2235 1276 2307 occupant.

440 2333 576 2397 Nobilis
591 2335 734 2414 quidam
749 2347 898 2398 venetus
915 2343 949 2397 et
964 2334 1067 2396 bonis
1083 2333 1337 2413 temporalibus
1352 2331 1518 2411 affluenS,
1539 2333 1616 2394 reli-

382 2441 448 2503 ctis
463 2440 636 2517 omnibus,
658 2439 875 2503 Societatem
894 2451 1053 2504 nostram
1072 2441 1210 2520 ingredi
1232 2440 1409 2513 decrevit;
1427 2438 1550 2518 etjam
1571 2439 1617 2500 id-

382 2548 497 2626 ipsum
512 2565 616 2628 opere
632 2548 897 2628 complevisset,
914 2548 944 2610 si
960 2548 1126 2628 expedire
1142 2565 1216 2610 sea
1235 2546 1388 2626 negotiis
1403 2546 1616 2627 quibusdam

382 2653 646 2718 cumfratribus
662 2656 735 2718 suis
750 2656 923 2718 hactenus
943 2655 1129 2734 potuisset;
1153 2663 1294 2735 praeter
1316 2654 1526 2717 humilitatis
1549 2654 1618 2715 exi-

383 2761 474 2824 miae
490 2761 638 2839 donum,
656 2761 799 2841 ingenio
815 2763 961 2842 egregio
976 2761 1033 2825 hic
1045 2760 1187 2840 juvenis
1203 2771 1237 2824 et
1257 2762 1302 2824 ad
1321 2761 1524 2823 doctrinam
1543 2778 1619 2839 pro·

383 2885 504 2948 pensu,
521 2868 719 2931 eruditione
735 2869 843 2932 etiam
858 2869 894 2931 in
909 2869 1038 2932 litteris
1052 2867 1318 2932 humanioribus
1334 2867 1507 2931 mediocri
1520 2885 1619 2946 prae·-

383 2975 477 3038 ditus
492 2984 557 3038 est.

444 3080 604 3145 Societas
629 3082 804 3163 quaedam
828 3084 966 3163 piorum
989 3082 1186 3162 hominum,
1208 3083 1254 3145 ad
1274 3099 1374 3146 suam
1395 3080 1565 3162 cujusque
1587 3093 1619 3142 et

384 3189 534 3252 aliorum
563 3191 713 3252 salutem
739 3190 951 3270 juvandam,
973 3198 1007 3252 et
1032 3190 1134 3269 quasi
1154 3207 1199 3252 ex
1219 3187 1332 3251 officio
1358 3189 1404 3251 ad
1428 3205 1561 3268 pueros
1587 3189 1620 3249 in

384 3295 515 3376 xpiana
532 3296 693 3359 doctrina
709 3296 932 3374 erudiendos,
950 3297 1008 3359 hic
1023 3295 1194 3373 instituta,
1212 3313 1233 3358 a
1251 3295 1357 3358 Patre
1372 3294 1520 3357 Andrea
1535 3294 1618 3357 Fru-

384 3402 438 3465 sio
452 3403 617 3482 precibus
632 3404 752 3466 multis
767 3403 950 3466 contendit
961 3412 1010 3481 ut,
1024 3402 1146 3465 diebus
1157 3401 1343 3465 dominicis
1358 3409 1393 3464 et
1408 3400 1558 3480 festivis
1576 3401 1618 3462 ad

385 3508 528 3570 eosdem
539 3508 576 3571 in
588 3509 737 3572 docendi
749 3508 854 3572 modo
866 3508 1072 3588 dirigendos
1083 3518 1129 3587 et,
1146 3517 1225 3588 post
1240 3523 1429 3588 puerorum
1447 3507 1619 3570 dimissio-

385 3631 477 3691 nem,
495 3615 541 3678 ad
554 3616 681 3679 melius
696 3616 945 3697 explicandam
965 3617 1072 3679 sociis
1093 3617 1182 3697 ipsis
1204 3615 1353 3678 seorsim
1375 3615 1547 3694 xpianam
1562 3613 1620 3675 do-

386 3720 549 3800 ctrinam,
566 3722 736 3785 interesse
756 3723 857 3798 velit,
880 3739 959 3784 sese
982 3723 1079 3786 dicto
1100 3722 1283 3786 audientes
1303 3720 1380 3784 lore
1402 3721 1439 3784 in
1458 3722 1620 3784 omnibus

386 3827 604 3907 pollicentes.
621 3828 797 3908 Quoniam
811 3846 898 3893 vero
913 3828 1017 3892 Pater
1032 3828 1196 3892 Andreas
1211 3828 1359 3891 Frusius
1381 3829 1620 3907 occupationi-

388 3935 453 3997 bus
477 3935 704 4012 gravioribus
730 3936 916 4014 detinetur,
943 3936 1030 3998 mibi
1048 3953 1091 3998 ea
1112 3935 1297 4014 provincia
1317 3935 1534 3998 demandata
1556 3948 1619 4005 est,

387 4041 447 4121 qui
462 4042 497 4104 in
512 4041 568 4104 die
582 4051 805 4121 pentecostes
821 4044 856 4105 id
870 4059 997 4106 munus
1013 4060 1092 4105 sum
1106 4059 1310 4122 aggressus
1327 4041 1472 4105 Utinam
1487 4042 1536 4105 acl
1556 4042 1620 4105 Dei

389 4148 560 4211 honorem
574 4147 612 4210 id
625 4151 794 4230 prosequi
808 4150 930 4213 divina
944 4149 1085 4212 bonitas
1100 4149 1247 4212 tribuat!

449 4251 550 4316 ΚΜ·
565 4255 721 4333 Legatus
735 4254 870 4318 Summi
884 4255 1064 4319 Pontificis
1079 4272 1187 4336 opera
1199 4254 1316 4318 Patris
1327 4253 1494 4318 Andreae
1505 4254 1622 4320 Frusii

389 4357 425 4420 in
441 4359 500 4437 iis,
524 4376 615 4438 quae
637 4361 682 4422 ad
695 4378 801 4424 suum
815 4361 966 4424 officium
986 4362 1179 4442 pertinent,
1200 4361 1349 4424 libenter
1370 4362 1491 4425 utitur.
1515 4361 1623 4425 Hisce

390 4464 512 4527 diebus
527 4482 608 4528 cum
622 4466 666 4528 ab
682 4484 723 4530 eo
740 4469 934 4531 accersitus
954 4467 1000 4530 ad
1019 4468 1192 4531 haeretici
1211 4466 1396 4546 cuiusdam
1413 4467 1622 4548 resipiscen-

390 4571 436 4633 tis
450 4580 604 4634 mentem
618 4574 874 4652 explorandam
889 4577 1051 4654 longiora
1066 4592 1147 4638 cum
1162 4591 1204 4636 eo
1218 4575 1384 4637 misceret
1398 4573 1558 4654 eloquia,
1576 4577 1622 4638 sa-

390 4678 529 4739 tebatur
551 4677 609 4740 ille
634 4695 673 4741 se
698 4687 751 4742 tot
771 4697 884 4742 annos
902 4681 1121 4761 pertinacem
1141 4681 1177 4744 in
1196 4698 1316 4745 errore
1336 4696 1401 4744 suo
1422 4697 1495 4743 non
1514 4681 1623 4746 baisse
