3390 5536
402 517 458 575 frio
794 515 962 576 [trraaaa
981 533 1251 586 ouaontuasrttus
1318 501 1321 507 ¹

400 665 503 743 signa
520 664 711 730 deventum
725 675 790 741 est,
807 666 934 746 quibus
950 683 1030 729 cum
1044 666 1227 746 colligeret
1246 683 1325 729 earn
1339 674 1460 729 tantae
1474 665 1526 729 rei
1544 667 1614 728 desi·

400 771 497 834 derio
515 772 642 850 teneri,
664 773 726 835 tali
745 772 915 836 beneficio
929 790 1001 836 non
1016 773 1184 855 privavit.
1200 773 1292 852 Quid
1307 773 1428 853 plura?
1443 772 1482 835 In
1497 781 1614 835 tantum

400 878 546 958 spiritus
561 878 739 942 fervorem
754 880 925 960 perducta
940 889 993 943 est
1007 899 1028 943 a
1043 879 1197 944 Domino
1212 888 1250 943 ut
1264 881 1385 943 nescio
1400 880 1431 942 si
1446 887 1575 943 tantum
1588 882 1613 940 in

398 986 469 1048 ulla
486 985 558 1048 alia
573 987 722 1067 reperiri
735 987 860 1067 possit.
1074 1067 1077 1074 ¹

460 1091 540 1155 Non
556 1110 682 1173 parum
697 1110 783 1156 sane
796 1093 932 1157 fructus
945 1112 989 1157 ex
1001 1103 1167 1175 suscepta
1178 1095 1224 1156 ad
1233 1094 1341 1156 breve
1353 1103 1493 1173 tempus
1506 1091 1514 1123 ⁸
1528 1091 1615 1170 hujus

399 1200 610 1262 monasterii
625 1200 811 1280 provincia
827 1211 1082 1282 consequutum
1097 1210 1165 1280 est;
1181 1217 1264 1263 nam
1278 1210 1420 1280 praeter
1435 1199 1544 1277 dicta,
1560 1201 1614 1260 illis

398 1308 496 1386 leges
507 1306 723 1387 vivendique
738 1307 882 1370 modum
892 1307 1135 1387 praescripsit,
1148 1324 1216 1386 quo
1228 1307 1401 1369 hactenus
1417 1314 1516 1368 erant
1526 1303 1616 1366 desti·

397 1421 506 1492 tutae,
524 1430 597 1476 non
611 1413 727 1476 minus
742 1423 906 1476 sanctum
918 1431 1025 1494 quam
1039 1414 1193 1476 doctum.
1210 1411 1296 1476 Mihi
1308 1412 1423 1491 crede,
1438 1409 1474 1474 P.
1490 1411 1575 1492 Opt,
1592 1413 1613 1472 si

398 1520 566 1599 omnium,
581 1537 673 1600 quae
684 1520 730 1582 ab
743 1537 784 1582 eo
797 1529 980 1600 geruntur,
993 1521 1179 1600 congeries
1186 1519 1439 1601 perscribenda
1450 1527 1548 1594 esset,
1558 1535 1613 1579 nec

401 1627 477 1706 ipse
492 1627 612 1690 verbis
627 1643 692 1689 nec
708 1642 776 1705 ego
796 1627 937 1707 scriptis
958 1627 1121 1707 persequi
1140 1643 1292 1707 possem.
1312 1625 1482 1706 Magnus,
1501 1634 1537 1687 ut
1555 1642 1614 1686 uno

397 1733 508 1797 verbo
523 1733 658 1812 dicam,
676 1742 710 1796 et
725 1733 921 1798 indefessus
936 1743 989 1796 est
1005 1734 1207 1814 operariuS‚
1222 1733 1282 1812 qui
1297 1733 1460 1796 omnibus
1474 1749 1515 1793 ac
1528 1749 1612 1810 prae-

399 1841 502 1920 cipue
517 1840 636 1918 nobiS,
654 1840 715 1920 qui
728 1841 864 1920 indigni
885 1839 959 1920 ejus
978 1839 1234 1920 jucundissimo
1254 1839 1403 1903 fruimur
1427 1847 1613 1917 conspectu.

399 1949 487 2010 satis
502 1947 620 2028 reipsa
635 1946 856 2011 demonstrat
871 1957 1005 2029 quanto
1020 1947 1146 2026 studi0,
1164 1965 1266 2026 cura,
1283 1946 1485 2024 sedulitate,
1502 1943 1612 2006 ardore

397 2072 441 2117 ac
457 2054 632 2117 charitate
648 2055 792 2134 negotia
806 2053 924 2117 Patris
939 2053 1074 2117 aeterni
1095 2053 1243 2117 tractari
1262 2063 1296 2116 et
1319 2052 1446 2115 confici
1466 2051 1608 2115 debeant.

459 2160 736 2224 Communioues
758 2178 982 2242 nequaquam
1001 2162 1222 2240 deseruntur,
1249 2177 1400 2240 quarum
1424 2157 1612 2221 assiduitate

398 2267 487 2331 adeo
502 2276 713 2330 exarserunt
728 2268 765 2330 in
776 2267 907 2332 Christi
919 2266 1064 2330 Domini
1079 2283 1236 2330 amorem
1247 2268 1375 2344 crucis,
1390 2276 1429 2329 ut
1444 2267 1500 2328 vel
1512 2265 1544 2326 in
1553 2281 1612 2325 una

397 2374 517 2453 dom0,
534 2383 569 2437 et
585 2374 693 2437 nobili
708 2392 810 2454 sane,
829 2375 982 2455 quinque
996 2373 1179 2453 religionis
1194 2373 1318 2454 jugum
1338 2373 1455 2436 subire
1475 2371 1559 2452 apud
1579 2389 1609 2431 st·

396 2480 595 2560 statuerint;
608 2482 738 2544 multae
751 2482 842 2544 aliae
858 2483 995 2562 puellae
1009 2481 1180 2545 tenuioris
1191 2480 1353 2543 fortunae
1366 2478 1440 2560 jam
1455 2480 1489 2543 id
1504 2479 1606 2542 subiis-

396 2597 490 2662 sent,
507 2588 538 2650 si
552 2605 615 2668 per
629 2587 818 2651 facultates
832 2589 1001 2651 licuisset.
1017 2587 1149 2668 Magna
1165 2587 1335 2665 omniunt,
1357 2587 1416 2667 qui
1436 2585 1607 2649 confessio-

399 2712 480 2758 nem
495 2695 848 2776 communionemque
863 2703 1056 2766 sectantur,
1073 2704 1127 2757 est
1142 2693 1352 2773 obedientia,
1369 2711 1499 2774 magna
1514 2691 1606 2754 chari-

397 2811 470 2880 taS,
488 2818 619 2880 magna
635 2803 785 2881 puritas.

455 2907 659 2971 Concursus
675 2909 710 2972 in
727 2908 960 2972 concionibus
971 2909 1113 2988 nostris,
1131 2909 1417 2972 concionatorem
1432 2907 1463 2971 si
1477 2915 1604 2986 spectes,

395 3031 474 3078 meo
492 3013 626 3094 judicio
646 3024 700 3077 est
726 3013 850 3095 major.
872 3013 963 3077 Nam
978 3017 1162 3095 templum,
1184 3015 1220 3078 in
1240 3032 1309 3095 quo
1329 3013 1370 3077 R.
1395 3013 1504 3077 Dnus.
1523 3010 1604 3073 Clau-

394 3121 472 3184 dius
488 3121 498 3150 ²
513 3121 720 3185 concionari
736 3131 984 3200 consueverat,
1001 3131 1113 3186 totum
1128 3132 1323 3203 occupatur
1336 3139 1404 3184 nec
1420 3117 1603 3200 vulgaribus

393 3228 566 3308 personis.
583 3227 725 3291 Adsunt
740 3246 866 3292 currus
881 3246 967 3309 prae
982 3227 1131 3308 foribus,
1154 3229 1215 3309 qui
1234 3227 1337 3291 facile
1360 3225 1606 3298 admirationem

393 3335 602 3398 excitarent.
621 3332 697 3397 Soli
712 3336 863 3416 sapienti
879 3345 913 3398 et
927 3335 1118 3400 immortali
1136 3335 1213 3398 Deo
1230 3335 1346 3415 gloria
1365 3344 1399 3398 et
1421 3334 1537 3409 honor,
1558 3325 1602 3406 qui

379 3450 513 3504 mutos
527 3441 612 3505 facit
628 3443 724 3522 loqui
739 3454 772 3505 et
788 3443 915 3505 surdos
930 3443 1063 3505 audire.

454 3547 534 3610 Non
548 3557 602 3611 est
617 3548 715 3629 quod
729 3549 772 3612 de
787 3548 1008 3629 professione
1028 3566 1107 3612 mea
1127 3549 1238 3611 verba
1258 3548 1405 3627 faciatn,
1427 3563 1504 3610 cum
1520 3558 1601 3620 supc-

393 3654 547 3719 rioribus
572 3655 698 3718 litteris
725 3654 812 3718 Rev.
834 3654 873 3718 P.
894 3655 934 3718 T.
964 3655 1240 3735 significaverim
1265 3671 1418 3737 quonam
1442 3661 1602 3734 pactores

393 3762 551 3826 cesserit.
570 3761 655 3841 Tot,
672 3771 773 3841 puto,
792 3770 878 3843 quot
894 3762 1057 3825 concioni
1072 3763 1264 3842 superioris
1280 3762 1363 3840 diei,
1381 3760 1480 3824 Beati
1498 3771 1601 3832 nempe

392 3869 579 3950 Stephani,
601 3868 657 3931 die
678 3885 830 3949 namque
849 3869 996 3947 gloriosi
1017 3868 1164 3951 Joannis
1183 3869 1426 3948 evangelistae
1445 3867 1530 3930 edita
1548 3871 1598 3932 est,

393 3975 549 4050 adfuere,
560 3975 686 4055 paucis
697 3974 871 4055 siquidem
883 3975 948 4038 sub
958 3975 1062 4038 finem
1073 3974 1254 4038 concionis
1264 3974 1499 4054 significatum
1508 3970 1601 4034 fuerat

392 4099 539 4162 precum
553 4082 847 4162 postulandarum
862 4081 991 4161 gratia.
1010 4081 1134 4145 Adfuit
1147 4081 1235 4144 Rev.
1251 4079 1427 4144 Dominus
1448 4075 1571 4143 Rosseti
1583 4070 1599 4136 ³.

393 4189 541 4252 illustris
562 4189 736 4252 Dominus
762 4185 998 4251 Alexander*
1024 4205 1066 4250 ac
1092 4189 1249 4269 plerique
1274 4188 1334 4251 alii
1358 4205 1430 4251 non
1453 4181 1601 4266 ignobiles

391 4296 498 4359 amici
514 4295 641 4375 nostri,
660 4295 728 4358 hoc
743 4307 812 4374 est,
829 4293 1027 4358 Societatis.
1044 4294 1115 4359 Illis
1135 4295 1257 4359 diebus
1278 4311 1426 4358 munera
1444 4291 1537 4355 varia
1556 4301 1602 4349 ne·

432 4537 440 4570 Ι
469 4533 560 4580 Verba
570 4537 636 4580 baec
647 4537 683 4580 ad
696 4537 780 4580 breve
792 4539 900 4592 tempus
910 4536 1058 4580 interseruit
1071 4547 1147 4580 manu
1156 4536 1262 4592 propria
1273 4535 1408 4580 Polaticus.

431 4608 443 4640 ί
471 4607 500 4650 Ρ.
512 4607 725 4662 ClaudiusJalus.
1495 4661 1504 4666 ,
1540 4657 1544 4660 .

431 4681 442 4712 ³
470 4680 496 4724 Is
506 4679 555 4723 init
566 4677 740 4723 comaclensis
754 4679 906 4734 Episcopus.
915 4686 1006 4734 postea
1016 4679 1234 4734 archiepiscopus
1244 4678 1426 4724 Ferrariensls.

429 4751 442 4784 ⁸
469 4750 621 4795 Alexander
631 4749 741 4796 Fleaclti.
