935 1458
352 176 378 189 As
395 176 430 189 [⁷782
672 176 697 190 521

99 212 218 227 κ>ιῑιι1ῖιςῐιι5
230 215 248 227 ut
259 215 328 232 postero
339 212 365 227 ilio
377 213 430 227 muln·
442 213 492 227 manu
504 215 568 227 reverti
580 217 619 227 curn
632 217 665 227 nnn
677 213 692 232 pi

90 242 148 254 stiunt*
157 238 190 254 ΓΜ
201 239 258 254 dictus
270 239 327 256 Pater,
338 244 377 254 cuni
388 239 495 254 distribuerit
507 243 576 254 sacrum
587 240 699 256 emmenum

87 269 102 279 m
110 267 191 284 quatuor.
200 265 312 284 baptismum,
321 266 394 284 scilicet,
402 265 527 280 mandatorum
534 265 568 280 Dei
575 267 592 280 et
602 265 639 284 ejus
648 265 700 280 Vica·

87 291 106 306 rii
114 290 204 307 Pontificis
212 291 284 307 maximi
291 291 432 310 observantiam,
440 291 481 307 boni
489 293 529 311 post
540 293 633 311 acceptum
644 291 699 311 bapti>

88 322 142 333 smum
150 318 309 338 perseverantiam,
317 320 334 334 et
342 318 359 334 in
367 320 455 338 quartum,
464 318 590 338 poenitentiam
597 320 638 338 post
645 318 699 333 viola-

87 347 121 359 tum
133 348 174 360 cum
187 344 225 360 Deo
238 347 310 365 pactum
321 345 340 360 in
352 344 439 364 baptismo
451 349 482 364 per
496 347 597 364 peccatum3
611 348 700 365 quumque

86 370 145 387 endem
151 371 203 387 dictis
209 371 318 391 evangelicis
323 371 453 391 comprobaret,
460 373 513 391 atque
519 371 631 391 baptismum,
640 371 662 387 ob
669 371 699 387 im-

87 402 164 417 pressum
172 398 194 413 ab
202 398 239 418 ipso
247 398 298 414 nobis
303 398 431 418 characterem,
438 402 549 418 nequaquam
555 402 593 414 esse
599 398 700 414 iterandum
724 401 728 405 “

87 425 115 443 (uti
122 424 175 445 impie
183 425 212 440 ille
222 425 300 444 volebat)
308 425 416 444 ostenderem
425 425 520 445 plurimum
527 429 548 440 ea
556 425 588 440 sibi
596 424 699 445 profecisse,

87 451 186 467 revocando
194 456 213 467 se
224 451 246 472 [a]
257 452 353 471 nonnullis,
364 456 409 472 quae
418 451 583 467 asseverantissime
593 453 699 471 negaverat,

87 478 174 497 professus
181 481 214 494 est.
223 478 269 498 Quin
277 483 298 494 eo
305 478 339 494 Dei
348 478 470 494 misericordia
481 482 500 494 se
511 478 587 494 ostendit
597 477 698 497 adductum.

87 508 103 520 ut
111 505 202 525 religionis
210 509 280 525 quoque
288 505 415 525 ingrediundae
423 505 537 525 cupiditatem
545 505 578 520 sibi
585 504 668 525 injectam
675 504 700 520 as-

87 531 167 547 firmaret.
174 531 203 547 Ad
212 531 229 547 id
235 536 278 547 vero
285 536 304 547 se
312 531 378 552 impelli
385 532 476 548 asserebat
483 531 571 551 flagitiosa
577 531 649 552 pietatis
655 532 699 547 chri-

87 558 153 574 stianae
162 559 222 578 (quam
229 558 267 578 ipse
275 558 366 578 Papistam
373 558 454 578 vocabat]
462 558 583 578 professorum
589 558 662 574 vivendi
672 562 699 574 ra-

87 586 137 601 tione*
143 585 169 601 Ea
175 580 224 601 enirn
230 585 248 601 in
255 585 293 601 dies
300 585 358 605 magis
365 585 457 605 magisque
462 585 535 605 impiam
540 589 591 601 suam
599 585 700 605 opinionem

87 612 200 627 asseverabat
214 616 253 627 esse
266 612 395 628 confirmatam>
408 611 493 628 Confecto
505 612 564 631 itaque
577 616 598 627 eo
611 616 698 631 sermone,

87 639 136 657 piane
148 638 251 654 immutatus
261 641 314 658 atque
327 639 345 654 in
357 639 466 654 contrariam
475 638 531 658 priori
542 642 585 654 suae
594 641 700 654 sententiam

86 665 210 681 corroboratus
217 665 308 681 discedere
319 665 369 681 visus
380 667 412 680 est.
423 664 451 681 Ac
462 669 532 681 rursum
542 665 603 684 tertio,
615 664 700 685 postridie

86 691 121 710 ejus
128 692 171 711 diei,
180 692 214 707 hoc
221 694 256 711 est,
265 692 339 712 septimo
347 692 386 708 idus
393 691 478 712 januarii,
487 691 510 707 ad
516 696 548 707 nos
556 695 639 707 reversus
647 694 700 712 atque

86 721 157 734 onustus
164 723 242 739 paupere
252 723 318 738 merce,
330 719 353 735 ob
363 722 416 739 quam
427 718 451 738 (ut
461 718 529 734 victum
537 718 571 734 sibi
581 718 659 738 pararet)
671 722 700 734 ve-

87 745 203 761 numdandarn
210 745 276 765 aliquot
284 745 322 761 dies
332 749 351 761 se
361 745 462 761 abfuturum
473 745 495 761 ab
505 745 547 761 urbe
557 745 636 764 dicebat.
647 748 700 765 atque

87 771 130 787 illico
141 774 181 792 post
192 772 268 788 reditum
275 772 342 791 (sedulo
350 774 430 787 nostram
437 776 469 792 pro
477 776 496 787 se
504 771 527 787 ad
534 771 592 787 Deum
601 771 700 787 orationem

86 798 189 818 efflagitans)
203 803 222 814 se
234 798 257 814 ad
266 803 299 814 nos
308 798 387 814 futurum
396 798 517 818 pollicebatur.
528 798 657 818 Exspectamus
668 798 700 814 ita—

86 829 117 844 que
125 824 163 845 ejus
170 825 272 841 adventum.
281 825 304 841 Ut
312 825 388 845 primum
396 825 475 845 redierit,
483 825 567 845 quicquid
575 825 596 841 de
604 829 625 841 eo
634 827 700 840 statuet

87 852 185 868 misericors
192 852 280 868 Dominus
287 851 307 867 P.
315 852 335 867 T.
344 852 430 868 faciemus
437 852 536 867 certiorem.

114 878 152 894 Hoc
163 879 254 898 paululum
263 878 293 894 hic
306 881 355 894 tanto
366 878 451 898 temporis
460 878 554 894 intervallo
565 878 614 894 Deus
624 878 700 898 optimus

87 905 171 921 maximus
179 909 211 925 pro
219 910 251 921 sua
261 905 354 921 clementia
361 905 445 925 dignatus
452 908 479 921 est
486 905 563 925 operari.
571 904 665 924 Reliquum
672 907 699 920 est

87 934 109 950 ut¹
117 936 139 947 ex
146 931 246 952 Superioris
252 932 308 948 nostri
314 931 333 947 P.
339 931 423 948 Andreae
427 931 498 952 judicio,
505 931 527 947 de
533 931 607 947 internis
612 935 634 947 ac
642 931 699 947 dome«

87 958 134 974 sticis
140 959 193 974 rebus
200 958 316 978 perscribam,
324 961 377 979 atque
384 958 407 974 ab
414 958 493 974 interiori
501 958 571 974 homine
579 958 669 974 exordiar.

114 984 186 1001 Fratres
193 985 222 1001 hic
233 985 281 1001 omni
290 985 348 1001 Studio
358 989 380 1001 ac
392 985 482 1005 diligentia
492 985 611 1001 mortificandi
621 987 639 1001 et
648 985 700 1001 abne-

88 1011 138 1030 gaudi
145 1012 173 1028 sui
178 1014 253 1031 certant,
259 1014 312 1032 atque
320 1012 365 1028 alius
372 1011 432 1031 aliurn,
439 1014 458 1027 ut
465 1012 564 1028 litterarum
571 1012 629 1028 studio
637 1012 663 1028 sic
669 1011 699 1027 hu·

88 1038 157 1054 militate
168 1039 279 1059 caeterisque
286 1039 388 1058 virtutibus,
397 1043 429 1059 pro
437 1038 470 1054 Dei
478 1039 535 1058 gloria
543 1043 564 1054 ac
572 1041 633 1054 mutua
640 1038 698 1054 aedifi-

88 1069 102 1080 c
103 1065 160 1085 itione,
168 1066 236 1081 anteire
245 1065 315 1081 assidue
323 1065 434 1085 incumbunt;
444 1065 508 1086 quibus
517 1065 586 1081 accedit
596 1065 699 1086 quotidiana

89 1096 118 1110 pur
124 1092 227 1108 concionem
234 1092 293 1108 Patris
300 1092 356 1108 nostri
363 1092 484 1108 inflammatio.

116 1118 221 1135 Litterarum
234 1121 293 1135 autern
305 1118 372 1138 studia,
385 1119 403 1134 in
412 1119 476 1139 quibus
485 1123 585 1139 versamur,
597 1118 641 1134 haec
651 1121 699 1134 sunt.

89 1144 124 1164 lpse
130 1145 181 1161 Pater
189 1145 244 1162 ferme
251 1146 329 1165 quotidie
336 1146 369 1162 snb
376 1146 446 1166 prandii
453 1148 470 1162 et
477 1150 544 1162 coenae
551 1148 620 1166 tempus
630 1148 699 1161 mentes

90 1174 155 1188 nostras
162 1172 279 1188 saluberrimo
287 1173 337 1188 verbi
347 1172 381 1188 Dei
388 1173 472 1188 alimento
479 1177 560 1193 pascere,
570 1175 623 1193 atque
632 1172 656 1188 ad
667 1172 699 1188 ini-

90 1201 123 1214 tum
129 1199 214 1219 praelium
222 1199 331 1215 communire
338 1203 373 1215 non
381 1202 445 1215 cessat.
453 1199 540 1215 Dominus
546 1199 623 1220 Joannes
631 1199 699 1215 Lusita-

90 1229 120 1241 nus
128 1228 145 1242 et
157 1230 190 1246 ego
202 1228 276 1246 coeptae
288 1226 353 1242 abhinc
365 1226 421 1242 tribus
433 1226 523 1242 mensibus
535 1226 613 1246 Logicae
626 1230 699 1246 operam
