3400 5532
369 489 425 548 28¹2
756 489 929 548 Lucanae
948 505 1218 558 Quaoaluasrnas

370 635 500 698 cthone
522 631 530 666 ¹
551 635 699 716 aliisque
725 645 843 699 sectae
868 637 1050 715 magistris
1075 635 1258 699 conferre:
1288 639 1367 715 plus
1396 637 1602 702 effecturam

371 742 465 823 apud
479 743 558 805 illos
573 742 748 805 eruditam
762 742 975 806 modestiam
988 753 1023 805 et
1038 741 1237 806 modestam
1247 744 1478 808 eruditionem
1491 745 1601 820 illam,

371 867 440 929 qua
457 849 523 930 ipsi
536 849 609 911 iam
625 848 773 912 fuissent
793 847 919 928 adjuti,
942 866 1049 928 quam
1070 849 1302 928 profecissent
1322 867 1425 914 acres
1449 853 1602 916 aliorum

371 955 641 1035 disputationes.

429 1061 550 1142 Neque
576 1061 790 1124 abhorrebat
816 1060 932 1125 Patris
957 1063 1095 1127 animus
1110 1062 1156 1125 ab
1177 1080 1220 1124 ea
1240 1060 1457 1142 profectione
1477 1064 1513 1127 in
1538 1063 1603 1128 Sa·

369 1169 529 1242 xoniam,
546 1168 616 1231 nisi
630 1168 724 1249 quod
739 1168 885 1248 optabat
899 1167 1044 1249 adjungi
1058 1169 1124 1231 sibi
1139 1168 1181 1231 R.
1198 1168 1234 1232 P.
1252 1168 1424 1251 Jacobum
1444 1169 1601 1250 Laynez,

369 1276 469 1356 cujus
494 1276 602 1339 etiam
626 1275 881 1355 praesentiam,
898 1275 929 1338 si
950 1275 1123 1339 Dominus
1139 1285 1407 1355 cooperaretur,
1429 1277 1475 1340 ad
1496 1280 1601 1340 emol-

369 1382 522 1446 liendam
536 1381 799 1446 haereticorum
815 1381 979 1445 duritiem
994 1382 1062 1444 sibi
1075 1392 1110 1446 et
1121 1380 1303 1445 Ecclesiae
1314 1382 1484 1462 prodesse
1494 1401 1605 1463 posse

367 1508 439 1554 non
454 1488 641 1553 dubitaret.

428 1595 533 1659 Faxit
549 1596 762 1659 clementiss.
779 1595 893 1674 Deus,
910 1603 949 1658 ut
969 1595 1014 1657 ad
1033 1593 1227 1658 Saxoniam
1245 1612 1402 1676 quoque,
1424 1597 1483 1658 ubi
1504 1599 1602 1659 velut

369 1702 508 1766 sentina
522 1703 786 1766 haereticorum
805 1711 873 1780 est,
894 1700 1055 1765 Societas
1074 1712 1195 1764 nostra
1220 1714 1395 1782 penetret,
1417 1705 1605 1783 lucemque

370 1810 500 1873 inferre
526 1810 680 1891 aliquam
705 1808 817 1889 possit
841 1808 1044 1872 sedentibus
1069 1809 1106 1871 in
1128 1808 1274 1886 regione
1299 1809 1445 1872 umbrae
1464 1812 1600 1873 mortis.

369 1915 471 1980 Nunc
485 1915 740 1998 profectionem
756 1916 852 1978 illam
866 1916 1127 1996 praepeditam,
1148 1925 1209 1979 aut
1229 1917 1347 1995 potius
1362 1917 1508 1980 dilatam
1528 1935 1601 1980 cer-

368 2025 500 2103 nimuS,
517 2024 609 2105 quod
626 2023 672 2086 ad
688 2023 877 2101 collegium
896 2021 1098 2085 Viennense
1118 2021 1222 2085 Pater
1242 2022 1287 2084 sit
1310 2021 1525 2100 destinatus,
1549 2023 1601 2104 ju·

369 2130 471 2193 bente
496 2131 548 2193 sic
571 2127 741 2192 Pontifice
765 2127 923 2192 Maximo
947 2137 982 2191 et
1006 2128 1206 2208 postulante
1230 2127 1473 2192 Romanorum
1501 2129 1602 2209 Rege

368 2235 613 2300 Serenissimo.
641 2236 773 2316 Estque
797 2236 865 2298 hoc
885 2236 1038 2315 primum
1061 2235 1097 2299 in
1117 2233 1309 2298 Germania
1328 2237 1517 2315 collegium
1537 2235 1599 2299 So·

369 2343 518 2420 cietatiS,
537 2343 582 2406 ad
597 2342 692 2423 quod
706 2341 807 2406 multi
822 2359 841 2404 e
856 2341 987 2405 nostris
1001 2351 1062 2404 aut
1073 2339 1147 2420 jam
1161 2352 1409 2421 pervenerunt,
1425 2353 1486 2406 aut
1498 2343 1597 2406 brevi

369 2448 559 2512 admodum
585 2448 790 2529 perventuri
809 2457 906 2525 sunt,
932 2447 1074 2511 Christo
1093 2448 1198 2528 duce,
1220 2466 1309 2528 quos
1329 2458 1403 2511 tum
1425 2467 1445 2512 e
1464 2447 1598 2528 Sicilia,

368 2566 442 2619 tum
457 2574 501 2620 ex
516 2556 617 2619 ltalia
632 2556 759 2619 missos
774 2555 985 2618 audivimus,
1449 2607 1452 2616 ,

426 2662 555 2726 Mirum
574 2679 661 2726 vero
681 2662 777 2725 dictu
796 2671 928 2742 quanto
950 2679 1031 2724 cum
1055 2680 1216 2726 moerore
1241 2663 1406 2726 dimissus
1426 2664 1471 2726 sit
1492 2662 1599 2726 Pater

369 2785 389 2831 a
408 2767 494 2832 R.¹²¹0
513 2778 548 2832 et
568 2769 664 2832 Ill.¹¹¹⁰
685 2767 873 2832 Cardinale
898 2768 1119 2848 Augustano,
1137 2769 1195 2850 qui
1210 2769 1396 2833 abeuntem
1416 2770 1461 2833 ad
1475 2770 1598 2834 navim

366 2894 493 2958 usque,
515 2894 587 2941 non
608 2876 685 2940 sine
703 2876 899 2956 lachrymis
918 2885 1003 2956 puto
1019 2875 1042 2954 ¹,
1063 2887 1116 2939 est
1136 2886 1360 2956 prosecutuS,
1383 2879 1511 2957 quique
1535 2894 1599 2956 per

366 2983 663 3063 quadragesimae
688 2992 826 3063 tempus
852 2984 887 3046 in
909 2983 1149 3064 spiritualibus
1170 2983 1349 3046 exercitiis
1374 2985 1507 3046 nostris
1532 2986 1599 3047 sub

364 3090 488 3154 eodem
503 3089 609 3153 Patre
621 3107 693 3153 non
708 3107 835 3169 parurn
849 3089 1013 3169 profecit,
1031 3089 1212 3168 digressus
1232 3089 1365 3152 idcirco
1385 3108 1429 3152 ex
1452 3090 1596 3170 Episco-

363 3206 448 3276 patu
476 3215 541 3261 suo
567 3197 604 3260 in
629 3197 884 3261 monasterium
908 3196 1101 3275 quoddam,
1132 3196 1206 3273 ubi,
1239 3207 1395 3259 semotus
1421 3199 1466 3260 ab
1493 3201 1598 3261 aulae

363 3305 523 3385 strepitu,
541 3304 706 3368 derebus
725 3303 793 3383 piis
805 3302 1024 3366 commodius
1045 3303 1285 3366 meditaretur.
1302 3304 1393 3366 Nam
1414 3313 1448 3367 et
1464 3303 1535 3368 hac
1554 3305 1598 3368 de

362 3427 471 3474 causa
486 3409 622 3491 Regem
637 3411 818 3488 exoravit,
835 3418 873 3473 ut
886 3407 1003 3472 Patris
1019 3426 1127 3489 opera
1142 3409 1201 3472 illo
1217 3419 1375 3490 tempore
1391 3424 1513 3490 posset
1532 3414 1596 3490 uti,

362 3517 657 3596 quemadmodum
683 3534 789 3596 saepe
814 3525 920 3580 antea
945 3515 1175 3579 desiderarat.
1203 3514 1332 3579 Sedet
1357 3515 1599 3596 Cappellanus

363 3622 442 3686 R.mi
460 3641 525 3687 suo
539 3624 657 3687 fructu
672 3641 743 3687 non
759 3632 812 3686 est
826 3621 1064 3700 defraudatus
1087 3622 1244 3702 acceptis
1263 3622 1506 3688 hebdomadae
1525 3627 1597 3706 pri·

362 3746 441 3792 mae
453 3731 643 3808 exercitiis
658 3747 748 3810 quae
759 3730 892 3793 ducunt
906 3729 1010 3792 facile
1022 3726 1033 3759 ³
1046 3729 1091 3792 ad
1105 3730 1308 3807 generalem
1320 3730 1595 3796 confessionem.

421 3834 553 3899 Omitto
570 3837 797 3917 multiplicem
811 3834 977 3915 fructum,
994 3853 1098 3916 quem
1117 3835 1184 3899 hoc
1200 3845 1274 3898 toto
1296 3838 1478 3916 superiore
1499 3855 1597 3902 anno

361 3942 548 4006 collectum
574 3942 749 4006 Dominus
769 3943 881 4006 voluit
900 3942 937 4005 in
960 3944 1041 4005 aula
1060 3942 1145 4006 dicti
1166 3943 1379 4021 Cardinalis,
1402 3944 1488 4008 dum
1506 3945 1539 4009 is
1560 3956 1598 4009 et

360 4065 438 4110 sese
453 4057 487 4111 et
502 4050 605 4112 aulae
622 4047 845 4128 disciplinam
859 4067 970 4129 usque
984 4048 1030 4111 ad
1044 4050 1233 4113 multorum
1249 4051 1520 4115 admirationem
1541 4071 1594 4116 re·

358 4153 499 4234 format,
516 4172 588 4218 non
605 4173 708 4219 secus
724 4157 931 4234 observans,
948 4173 1053 4236 quam
1068 4156 1098 4218 si
1113 4166 1214 4236 pater
1227 4168 1508 4239 praeceptorque
1520 4160 1591 4239 ipsi

359 4259 499 4342 luisset,
519 4260 662 4326 Patrem
677 4262 873 4326 Claudium.
890 4263 924 4327 Is
939 4262 1130 4342 Viennam,
1148 4263 1199 4326 uti
1213 4281 1398 4343 speramus
1414 4264 1449 4327 in
1471 4265 1591 4330 Domi·

358 4384 415 4446 no,
429 4365 503 4446 jam
518 4371 721 4449 pervenerit
736 4387 806 4433 una
822 4388 902 4434 cum
917 4371 1127 4435 charissimo
1141 4370 1250 4435 fratre
1265 4371 1312 4434 M.
1328 4370 1434 4435 Petro
1449 4371 1591 4440 Schori·

401 4571 408 4602 ¹
438 4570 540 4626 Scripto
551 4574 623 4628 prius
635 4573 820 4618 Melanchtone
830 4580 857 4618 et
866 4575 964 4629 deleto,
975 4575 1079 4628 scripsit
1094 4575 1147 4630 lpse
1159 4575 1277 4619 Canislus
1288 4575 1481 4622 Melanctlrorre.

398 4643 410 4678 ¹
438 4642 503 4687 Huic
514 4647 640 4690 vocabulo
649 4679 653 4698 ,
666 4648 738 4700 quasi
748 4648 869 4699 delendo,
879 4646 973 4692 lineam
984 4648 1117 4702 supposuit
1126 4647 1251 4691 canisius.

397 4715 408 4744 ὅ
436 4714 524 4760 Etiam
535 4717 645 4761 verbum
655 4719 711 4771 hoc,
723 4725 749 4761 ut
762 4718 903 4777 delendum,
912 4720 979 4762 linea
989 4720 1078 4762 subter
1088 4719 1165 4763 ducta
1176 4720 1289 4774 signauit
1301 4719 1428 4763 Canisius.
