3400 5524
329 429 383 488 aot
712 429 887 496 blancana
909 445 1178 497 Quaoatuasrass

330 575 388 656 pio
404 577 633 654 constitutae,
650 586 687 638 ut
707 575 856 653 singulis
874 575 1052 638 mensibus
1073 592 1195 637 omnes
1214 573 1394 637 auditores
1411 583 1562 654 peccata

331 681 576 761 confiteantur,
590 681 713 746 diebus
728 683 868 745 veneris
883 682 1028 745 audiant
1042 681 1240 744 doctrinam
1254 681 1498 760 christianam,
1516 681 1564 743 ad

331 791 520 853 conciones
549 799 691 870 praesto
716 791 786 852 sint
809 799 952 852 nostras
977 789 1099 851 diebus
1125 788 1285 852 omnibus
1314 788 1502 851 dominicis
1526 797 1565 851 et

330 895 445 974 sestiS,
465 896 533 976 piis
548 897 731 976 colloquiis
753 895 885 958 avitiis
901 895 1166 958 absterreantur
1181 905 1215 957 et
1230 895 1276 957 ad
1287 895 1437 958 virtutes
1451 895 1564 975 pieta·

332 1012 471 1083 temque
487 1003 711 1066 inducantur.

392 1110 513 1190 Itaque
529 1110 659 1174 cumin
674 1111 752 1173 aliis
768 1111 930 1174 omnibus
943 1109 1080 1173 fructus
1100 1109 1292 1190 spiritualis
1310 1126 1382 1172 non
1400 1109 1567 1188 vulgaris

333 1217 550 1296 agnoscitur,
567 1225 641 1281 tum
655 1235 742 1280 vero
758 1218 815 1279 ille
830 1227 883 1280 est
897 1217 1218 1298 praeclarissimus,
1240 1217 1334 1296 quod
1352 1217 1469 1279 nullus
1487 1215 1567 1278 fere

334 1332 387 1386 est
406 1323 442 1386 in
461 1323 624 1386 omnibus
648 1324 836 1401 classibus,
864 1323 924 1404 qui
948 1340 1074 1404 parum
1096 1323 1154 1386 vel
1173 1323 1315 1402 ingenio
1335 1323 1486 1386 excellat
1506 1323 1564 1384 vel

334 1431 471 1510 spiritu,
487 1431 547 1511 qui
562 1431 654 1493 idem
669 1448 739 1494 non
754 1448 929 1511 propense
944 1431 990 1493 ad
1004 1429 1217 1493 Societatem
1230 1429 1375 1508 seratur,
1390 1429 1566 1508 enixeque

335 1546 411 1599 oret
426 1556 447 1599 a
462 1537 563 1600 nobis
577 1537 704 1616 recipi;
720 1547 880 1600 nostrum
899 1546 1018 1599 tamen
1040 1535 1225 1600 consilium
1245 1546 1298 1598 est
1319 1537 1386 1600 hoc
1405 1546 1565 1615 tempore

336 1644 472 1708 animos
486 1660 609 1708 eorum
629 1645 724 1707 alere
745 1662 787 1706 ac
810 1645 932 1706 lovere
953 1645 1131 1724 spiritum,
1152 1643 1264 1708 donec
1285 1644 1495 1708 maturiores
1520 1663 1566 1706 ac

336 1751 557 1829 probatiores
581 1750 682 1829 liant,
710 1760 743 1813 et
763 1768 830 1813 nos
849 1751 964 1828 magis
987 1751 1103 1830 parati
1124 1761 1161 1812 ut
1186 1750 1263 1813 illos
1285 1751 1320 1812 in
1344 1751 1567 1830 probationis

336 1857 480 1920 domum
494 1859 657 1937 accipere
671 1859 860 1938 possimus.

396 1964 494 2043 Quae
510 1965 555 2026 ad
569 1974 729 2027 nostrum
743 1965 931 2043 collegium
946 1983 988 2027 ac
1003 1963 1221 2044 probationis
1236 1965 1379 2028 domum
1402 1965 1566 2040 attinent,

337 2070 536 2151 hujusmodi
551 2081 647 2146 sunt,
665 2070 796 2135 Christi
810 2072 894 2153 Jesu
909 2071 1124 2150 benignitate
1140 2089 1183 2134 ac
1197 2072 1330 2150 gratia,
1351 2079 1389 2134 ut
1409 2072 1569 2134 animum

336 2188 497 2244 nostrum
521 2179 728 2258 quotidiana
753 2179 849 2240 alant
872 2176 1103 2257 jucunditate.
1125 2178 1177 2241 Ita
1200 2177 1296 2240 fovet
1311 2196 1376 2240 nos
1391 2177 1568 2241 Dominus

337 2285 620 2364 praeclarissimo
635 2284 694 2346 illo
711 2284 851 2363 spiritu,
869 2301 973 2364 quem
987 2284 1209 2363 gratificatus
1224 2295 1277 2347 est
1291 2281 1460 2348 Societati
1480 2301 1570 2346 suae

339 2391 487 2466 abunde,
505 2400 543 2453 ut
554 2389 659 2452 facile
675 2390 710 2453 iu
725 2390 817 2453 illius
832 2391 972 2453 luminis
992 2403 1026 2452 et
1047 2392 1185 2469 gratiae
1201 2392 1434 2455 illustratione
1448 2392 1569 2454 omnia

338 2496 439 2559 nobis
462 2506 666 2576 suppetant,
694 2507 728 2560 et
753 2495 962 2560 confirment
982 2514 1071 2577 quae
1089 2498 1135 2561 ad
1154 2497 1362 2576 religionem
1380 2496 1570 2562 Societatis

339 2611 501 2681 spectant
517 2612 549 2665 et
565 2603 612 2666 ad
625 2602 879 2683 perlectionem
894 2602 1113 2666 obedientiae
1129 2612 1391 2667 sacrosanctae.

401 2708 524 2772 Oratio
539 2708 665 2788 majori
679 2727 784 2774 sensu
804 2720 989 2774 exercetur
1012 2721 1045 2773 et
1066 2711 1193 2775 fructu.
1213 2709 1271 2774 Ad
1285 2729 1344 2791 ea,
1361 2729 1452 2792 quae
1467 2729 1570 2792 supe-

339 2815 492 2879 rioribus
517 2805 642 2880 litteris
662 2817 884 2897 scripsimus,
910 2818 979 2880 hoc
1005 2818 1112 2880 etiam
1137 2818 1305 2896 accessit,
1332 2827 1371 2880 ut
1395 2827 1570 2899 quotquot

339 2932 421 2987 sunt
435 2923 472 2988 in
486 2924 590 2994 domo
604 2924 824 3004 probationis
838 2924 1004 3005 juvenes,
1024 2934 1196 3006 quotquot
1215 2925 1251 2988 in
1266 2926 1415 3004 collegio
1431 2926 1571 3005 novitii,

340 3031 389 3094 illi
401 3031 543 3110 quidem
558 3031 730 3110 magistro
741 3032 961 3110 probationis
972 3031 1126 3112 quotidie
1138 3032 1184 3095 ad
1197 3049 1383 3114 vesperum
1394 3033 1573 3096 rationem

339 3138 516 3218 explicent
532 3156 574 3200 ac
588 3121 738 3202 reddant
753 3138 902 3202 diurnae
917 3139 1198 3202 conversationis
1213 3155 1314 3216 suae,
1332 3137 1369 3201 hi
1390 3155 1477 3201 vero
1499 3157 1574 3202 ma-

338 3245 452 3324 gistro
467 3245 697 3324 novitiorum;
714 3261 783 3324 qua
798 3246 833 3308 in
853 3262 892 3309 re
912 3253 1012 3308 tanta
1035 3255 1260 3324 comparatur
1282 3245 1481 3310 animorum
1501 3264 1574 3326 pax

340 3361 375 3414 et
389 3352 638 3432 tranquillitas,
654 3360 693 3415 ut
708 3369 884 3415 summum
899 3351 935 3414 in
949 3368 992 3414 ea
1007 3336 1093 3414 cura
1107 3351 1324 3431 praesidium
1343 3352 1577 3416 constitutum

342 3475 420 3521 esse
435 3458 598 3522 videatur
613 3474 735 3521 eorum
750 3458 809 3538 qui
824 3460 915 3521 lacte
931 3458 1122 3521 etiamdum
1137 3457 1253 3521 alendi
1273 3467 1365 3520 sunt.
1382 3457 1471 3522 Illud
1486 3476 1575 3522 vero

341 3581 414 3628 non
429 3565 589 3628 omittam
601 3565 644 3628 de
655 3563 761 3628 domo
773 3564 1003 3644 probationis
1017 3574 1153 3628 tantam
1166 3563 1240 3644 jam
1254 3564 1303 3627 illi
1315 3565 1436 3628 domui
1450 3565 1573 3628 autho·

342 3671 483 3734 ritatem
499 3671 804 3751 apudcivitatem,
821 3669 878 3732 Χ.ἰ
898 3671 1031 3749 gratia,
1049 3671 1291 3749 conciliatam,
1308 3678 1444 3734 tautam
1459 3671 1574 3736 chari·

343 3786 453 3840 tatem
480 3778 636 3842 omnium
665 3778 839 3855 ordinum,
862 3786 901 3840 ut
923 3778 1119 3856 margarita
1146 3777 1319 3858 quaedam
1354 3777 1578 3842 existimetur

344 3883 500 3946 civitatis
511 3883 633 3946 videre
644 3881 795 3962 juvenes
809 3884 846 3947 in
861 3882 977 3946 media
991 3882 1107 3963 patria
1122 3885 1218 3947 velut
1233 3884 1270 3945 in
1290 3900 1407 3947 eremo
1422 3887 1575 3961 versari,

345 3989 507 4068 orationi,
521 3990 640 4054 caruis
651 3990 925 4069 mortificationi,
939 3990 1159 4054 obedientiae
1174 4007 1216 4053 ac
1233 3990 1357 4054 studiis
1377 3991 1579 4055 litterarum

345 4097 578 4159 attentissime
601 4083 807 4177 summaque
827 4113 908 4160 cum
933 4096 1041 4160 animi
1067 4095 1244 4160 hilaritate
1271 4096 1422 4175 deditos
1447 4106 1486 4160 ut
1510 4115 1579 4162 nos

346 4219 418 4265 non
433 4219 515 4266 raro
534 4211 677 4266 nostrae
700 4203 983 4267 conversationis
1002 4203 1150 4283 pudeat;
1171 4202 1307 4266 adeone
1328 4204 1480 4280 ignavos
1499 4221 1579 4268 esse

347 4327 428 4388 noS,
452 4326 473 4371 a
492 4310 623 4390 pueriS,
645 4310 796 4374 necdum
816 4308 957 4390 quidem
978 4310 1176 4390 tyronibus,
1192 4322 1231 4374 ut
1245 4310 1443 4390 vincamur,
1459 4311 1521 4392 qui
1536 4310 1579 4388 (si

348 4409 486 4496 tempus
501 4416 702 4502 spectetur)⁸
708 4424 897 4479 veteranos
908 4425 1091 4497 praestare
1106 4416 1303 4480 debuimus?
1315 4415 1385 4481 Sed
1396 4417 1464 4480 hoc
1476 4417 1581 4480 nobis

348 4521 521 4586 victoriae
536 4524 614 4585 loco
629 4532 699 4602 est,
716 4523 752 4585 in
766 4522 831 4585 X.⁰
843 4522 944 4605 Jesu,
963 4523 993 4585 si
1007 4540 1029 4585 a
1043 4523 1162 4604 pueris
1177 4523 1212 4585 in
1226 4524 1295 4587 hac
1308 4524 1488 4602 palaestra
1503 4524 1580 4587 vin·

350 4645 484 4708 camur,
498 4629 603 4692 modo
618 4639 777 4692 nostram
792 4629 858 4709 ipsi
874 4629 1037 4692 inertiam
1052 4646 1191 4710 semper
1206 4629 1381 4694 enitamur
1396 4645 1580 4710 superare.
