935 1458
358 143 390 157 ΑΝ.
402 143 436 157 1552
679 143 705 157 7⁴0

117 179 156 195 Non
168 182 194 195 est
207 179 354 199 praetereundum
367 179 413 199 quod
426 179 543 199 subsequitur.
557 179 601 195 Cum
615 179 703 195 dominico

87 206 165 226 quodam
171 206 199 221 die
205 206 353 222 communicasset
359 205 377 221 in
382 205 469 221 fractione
475 206 526 226 panis
532 208 579 222 tutus
585 206 613 221 hie
622 206 703 226 populus,

87 233 135 252 apud
148 237 181 248 nos
193 237 236 248 vero
247 232 372 253 quadringenti
384 232 460 252 incolae,
474 234 492 248 ut
504 237 566 248 omnes
575 237 610 248 uno
621 232 649 248 die
660 232 704 252 jubi-

88 260 147 275 laeum
154 262 252 279 sumerem,
261 263 313 279 quem
322 259 350 275 his
358 259 419 274 diebus
428 258 511 274 Summus
521 259 602 275 Pontifex
613 263 704 275 concesse-

89 288 125 306 raty
138 290 174 306 qua
184 286 237 302 etiasn
247 286 269 302 de
278 290 333 302 <musa
343 290 374 306 per
384 287 439 301 totam
451 286 564 306 praelapsam
575 286 704 302 hebdomadam

88 315 160 328 nostros
172 312 277 328 Sacerdotes
290 313 308 328 in
318 312 410 328 audiendis
420 312 560 328 confessionibus
570 313 648 333 impendi
659 315 676 328 et
687 313 705 328 in

88 339 122 355 tine
136 339 257 355 hebdomadae
270 344 301 359 per
314 342 370 355 totam
382 339 436 355 etiam
448 341 520 355 noctem
532 339 608 359 vigilare
620 339 704 360 oportuit,

89 366 191 386 praevaluit
199 366 309 382 consuetudo
316 366 376 386 populi
384 368 402 382 ut
413 366 493 386 sequenti
500 366 528 382 die
536 366 646 386 agitarentur
652 366 705 385 tauri,

88 396 105 408 et
113 393 190 413 equites,
199 393 314 409 arundinibus
322 393 362 408 hinc
370 392 410 408 inde
418 392 509 412 projectis,
520 393 637 412 colluderent,
648 393 666 408 in
675 393 706 408 ho-

89 424 151 435 norem
159 419 220 435 Sancti
227 419 297 440 Jacobi:
306 422 323 435 et
329 419 373 435 baec
379 419 439 435 onmia
444 419 503 439 quoad
508 419 572 435 festum
578 419 636 435 Divae
642 419 705 436 Annae

88 447 186 462 duratura:
195 446 244 466 cujus
252 446 278 462 rei
285 446 361 462 maxime
369 446 453 466 poenituit
461 446 523 462 Patres
530 448 601 462 nostros
607 451 628 462 ac
634 446 704 465 fratres.

89 477 110 488 eo
119 473 214 493 praecipue
222 473 269 493 quod
277 472 393 493 praecedente
401 473 429 488 die
435 472 512 492 jubilaeo
519 473 589 489 fuerunt
597 473 634 489 sere
644 477 707 489 omnes

89 505 98 515 a
107 500 186 520 peccatis
194 500 255 520 erepti.
263 500 389 516 Convenerunt
398 499 468 515 demum
478 502 553 519 quatuor
564 499 626 515 Patres
634 502 653 515 ut
664 500 706 515 totis

90 527 157 542 viribus
165 529 271 542 conarentur
279 526 383 542 exercitium
390 526 432 542 illud
440 526 530 546 impedire,
539 529 647 546 acceptaque
655 531 666 542 a
674 527 704 542 mi>

89 553 145 569 nistre·
153 553 215 569 domus
223 553 330 572 obedientia.
339 555 415 573 quatuor
426 557 448 568 ex
455 553 489 568 illis
501 553 519 569 in
528 553 605 573 plateam
616 558 635 569 se
645 553 704 569 conse-

89 583 139 600 runt,
154 584 228 600 quorum
241 580 307 600 primus
319 582 336 595 et
346 580 425 598 ultimus,
437 580 489 595 nudis
500 580 588 599 capitibus
598 582 615 595 et
625 580 705 600 pedibus,

89 609 162 626 guttura
170 607 240 623 funibus
247 606 366 626 circumdant;
375 609 392 622 et
399 606 467 626 primus
474 606 570 626 imaginem
578 606 643 622 Christi
650 607 706 622 cruci>

90 634 120 649 lixi
133 633 210 653 serebat,
224 633 351 653 magnitudinis
364 637 400 649 non
412 633 498 653 exiguae;
511 633 582 649 ultimus
595 638 638 649 vero
652 636 706 653 caput

89 660 166 676 hominis
174 660 247 680 mortui;
255 660 355 676 intermedii
362 664 405 676 vero
413 660 447 675 duo
455 660 502 675 nuda
510 662 561 679 terga
569 660 620 676 nudis
627 660 706 676 brachiis

90 687 213 703 verberabant.
223 687 344 702 Pervenerunt
355 687 413 706 itaque
425 687 442 702 in
453 687 531 706 plateam
542 691 582 702 cum
592 686 660 707 primus
669 689 706 702 tau-

90 718 120 730 rus
131 714 209 733 agitatus
216 714 274 729 suerat
283 716 300 730 et
308 714 395 733 inclusus,
408 716 425 729 et
434 718 455 729 ea
463 713 485 729 de
493 717 547 729 causa
553 713 590 733 jam
598 718 659 729 omnes
666 718 706 729 con·

90 743 177 756 venerant
187 743 223 756 tam
235 741 304 756 incolae
317 744 370 760 quam
382 740 470 759 extranei;
483 740 518 760 qui,
527 744 567 756 cum
578 742 649 756 nostros
659 740 706 756 vide-

90 770 129 783 rent
137 767 211 785 intrare.
220 767 304 783 commoti
311 771 372 783 omnes
380 769 476 786 coeperunt
487 766 557 786 magnis
568 767 641 782 vocibus
651 769 668 782 et
677 771 707 786 ge-

89 794 161 810 mitibus
176 794 315 810 misericordiam
330 794 451 812 conclamare;
466 796 483 809 et
497 798 543 809 unus
557 798 580 809 ex
594 796 670 813 quatuor
684 794 707 809 ibi

90 821 149 840 coepit
160 821 271 840 concionari,
283 820 424 840 intrantibusque
437 820 509 840 reliquis
520 820 596 840 primum
608 820 676 839 vicum,
690 823 707 836 et

90 847 161 867 magnis
170 847 242 863 vocibus
250 846 391 863 misericordiam
399 847 546 866 acclamantibus,
557 846 660 867 compunxit
671 847 706 862 Do·

90 875 149 890 minus
162 878 192 889 cor
203 873 294 893 cujusdam
305 873 401 893 aethiopis,
412 876 430 889 et
439 873 499 889 statim
509 873 545 893 ille,
557 873 620 889 iisdem
632 873 707 889 vocibus

90 901 188 921 implorans
195 901 299 919 Dominum,
308 905 318 916 a
326 900 378 916 Patre
386 900 456 920 petebat
467 900 496 915 cui
507 900 626 919 confiteretur,
639 900 707 916 eodem>

90 932 124 948 que
132 928 173 948 igne
181 928 266 946 concitus.
275 930 302 943 ter
310 930 395 947 quaterve
403 927 501 946 Collegium
508 929 587 943 nostrum
598 927 641 943 adiit
651 927 707 943 donec

90 954 210 970 eonfiteretur.
219 954 264 970 Cum
274 954 336 974 reliqui
346 954 400 969 etiarn
407 954 485 973 plateam
494 954 599 973 intrassent,
611 954 707 970 innovatae

90 984 132 997 sunt
141 985 195 997 voces
205 983 223 996 et
233 981 332 1001 lacrymae,
345 982 499 1000 perveneruntque
510 980 533 996 ad
548 980 606 996 locum
619 980 677 1000 illum,
690 981 707 996 in

90 1013 125 1028 quo
133 1008 193 1024 Duces
200 1011 256 1028 erant,
265 1010 283 1023 et
291 1007 383 1023 multitudo
391 1007 474 1027 equiturny
483 1009 501 1023 et
507 1007 587 1023 tabulata
594 1007 706 1027 clericorum,

90 1035 149 1055 ibique
161 1035 276 1050 concionatus
287 1037 313 1050 est
323 1034 367 1050 alter
377 1038 400 1049 ex
409 1034 493 1050 fratribus
503 1038 544 1050 cum
553 1038 618 1053 magno
629 1034 706 1053 fervore,

90 1061 223 1081 insurgentibus
231 1061 293 1077 crebro
301 1061 354 1076 totius
364 1060 480 1076 multitudinis
491 1061 598 1076 clamoribus
608 1061 706 1076 misericor-

91 1089 139 1104 diam
152 1088 267 1108 implorantis.
279 1087 420 1107 Lacrymabatur
430 1087 483 1103 etiarn
493 1087 548 1103 Ducis
559 1091 604 1103 uxor
617 1092 657 1103 cum
668 1088 707 1103 reli·

90 1115 136 1135 quis,
146 1119 191 1135 quae
199 1115 279 1134 aderant,
288 1114 369 1130 dominis.
378 1113 426 1130 Gens
436 1114 516 1134 tandem.
528 1114 607 1130 tabulata
617 1114 706 1134 deserens,

90 1142 176 1158 comitata
188 1144 214 1157 est
227 1141 266 1157 illos
278 1141 301 1156 ad
311 1145 343 1156 nos
354 1141 454 1159 redeuntes,
465 1140 524 1156 multis
539 1141 624 1160 lacrymis
635 1141 706 1161 ingemi-

90 1169 172 1188 natisque
185 1168 292 1184 clamoribus
305 1167 445 1183 misericordiam
457 1167 563 1187 efflagitans,
578 1167 707 1184 Praecedentes

90 1199 151 1211 autem
163 1194 291 1210 multitudinem
307 1194 342 1210 duo
354 1194 428 1214 juvenes
440 1194 463 1210 ad
475 1197 545 1210 nostros
555 1197 673 1214 pervenerunt
689 1197 708 1211 ut
