3400 5524
374 527 430 584 260
760 527 931 585 erreaaa
949 535 1219 594 onanaruesraas

377 685 466 750 rent,
495 673 674 734 atiirmans
694 672 947 751 rempublicam
970 673 1200 734 christianam
1226 688 1394 750 magnam
1416 672 1605 735 utilitatem

376 780 457 842 inde
472 788 751 859 reportaturum,
769 779 862 858 quod
878 779 1018 858 quidem
1030 779 1075 841 ad
1089 777 1155 842 has
1165 778 1342 842 nundinas
1360 779 1502 858 plurimi
1526 797 1604 842 con·

376 887 487 949 fluunt
499 903 544 948 ex
560 895 633 948 tota
647 884 832 965 Hispania.
848 885 887 947 Ρ.
903 884 1050 962 Doctor,
1072 885 1236 965 precibus
1250 894 1286 949 et
1309 885 1509 948 rationibus
1525 903 1604 948 con-

374 993 507 1069 victuS,
524 1009 596 1055 non
609 991 722 1072 potuit
739 1008 872 1070 negare
891 992 984 1072 quod
998 991 1056 1055 ille
1070 1001 1143 1056 tam
1157 993 1215 1072 pio
1231 991 1359 1056 affectu
1375 1003 1603 1072 poposcerat:

374 1100 526 1163 mittitur
541 1114 627 1177 ergo
641 1098 678 1162 P.
696 1097 855 1177 Baptista
870 1109 904 1160 et
920 1099 1008 1162 alter
1024 1116 1104 1162 cum
1120 1117 1177 1176 eo,
1194 1117 1236 1161 ea
1252 1108 1370 1162 tamen
1386 1099 1603 1172 conditione,

374 1214 413 1270 ut
428 1218 509 1287 post
524 1205 724 1286 quindecim
738 1204 814 1267 dies
829 1205 948 1268 statim
962 1205 1105 1269 domum
1120 1205 1292 1282 redirent;
1309 1213 1385 1270 erat
1406 1205 1501 1268 enim
1522 1216 1606 1268 tunc

373 1314 469 1376 domi
484 1321 627 1376 nostrae
637 1312 786 1392 penuria
798 1311 1022 1374 sacerdotum
1034 1321 1068 1374 et
1080 1311 1160 1374 finis
1170 1309 1315 1390 jubilaei
1327 1313 1604 1392 propinquabat,

374 1437 443 1500 quo
464 1419 616 1482 maxime
638 1435 727 1498 opus
745 1427 822 1481 erat
844 1417 946 1498 copia
966 1418 1202 1482 sacerdotum.
1222 1417 1350 1482 Postea
1369 1418 1607 1495 cognovimus

373 1544 450 1590 rem
465 1545 544 1589 esse
559 1543 646 1590 sane
657 1525 803 1604 dignam
817 1525 1049 1589 admiratione
1064 1525 1185 1589 videre
1200 1534 1343 1604 gentem
1354 1525 1449 1588 illam
1464 1523 1604 1605 methy-

372 1650 566 1710 mnensem,
596 1639 728 1713 quanto
756 1632 898 1712 pietatis
927 1650 970 1694 ac
999 1631 1197 1695 devotionis
1223 1615 1352 1695 affectu
1377 1649 1532 1696 accensa
1560 1633 1605 1694 sit

372 1756 549 1820 quamque
565 1750 743 1802 commota
758 1757 804 1801 ex
823 1739 1044 1802 sermonibus
1064 1737 1262 1818 Baptistae,
1282 1737 1487 1818 frequenter
1506 1755 1603 1800 nam-

372 1864 441 1927 que
456 1845 639 1926 praedicat
648 1846 684 1908 in
699 1847 828 1925 platea,
842 1847 959 1925 inqua
970 1846 1213 1918 nummularii,
1227 1861 1316 1924 quos
1328 1860 1536 1924 campsores
1548 1847 1606 1906 vel

336 1971 340 1982 ’
372 1954 589 2035 banquarios
602 1943 862 2031 nuncupamus,
879 1969 963 2015 suas
977 1962 1144 2015 exercent
1155 1951 1426 2031 negotiationes,
1440 1951 1502 2014 ubi
1514 1969 1604 2014 sem·

371 2080 434 2142 per
450 2063 538 2126 solet
563 2079 642 2123 esse
662 2059 818 2140 maxima
837 2060 940 2122 turba
960 2059 1141 2123 hominum
1161 2056 1411 2138 cujuscumque
1432 2066 1549 2120 status
1571 2067 1605 2121 et

370 2168 593 2244 conditionis,
618 2167 826 2248 praesertim
850 2176 1097 2245 mercatorum,
1116 2184 1159 2229 ex
1174 2165 1426 2229 diversissimis
1448 2165 1604 2245 plerum-

371 2293 439 2355 que
460 2274 674 2338 nationibus.
702 2274 748 2336 Hi
768 2274 813 2336 ad
835 2291 959 2336 vocem
980 2273 1154 2336 sermonis
1176 2272 1215 2336 Ρ.
1238 2272 1438 2352 Baptistae,
1462 2273 1606 2336 cunctis

370 2381 539 2460 negotiiS,
558 2379 815 2457 contractibus,
833 2379 951 2443 litibus
972 2389 1006 2442 et
1021 2378 1143 2442 officiis
1157 2379 1377 2460 intermissis,
1394 2389 1603 2452 accurrunt,

372 2500 408 2550 et
428 2505 559 2566 magno
580 2487 718 2549 silentio
739 2496 845 2566 atque
862 2487 1053 2549 attentione
1069 2486 1216 2550 audiunt
1237 2486 1503 2566 praedicantem
1525 2504 1605 2548 ver·

373 2595 455 2657 bum
476 2593 561 2670 Dei,
583 2592 687 2673 idque
711 2610 783 2655 non
801 2610 884 2656 raro
905 2611 985 2656 cum
1004 2594 1085 2656 altis
1104 2593 1265 2673 suspiriis
1285 2601 1318 2656 et
1339 2592 1536 2656 abundanti
1556 2593 1604 2654 la-

370 2701 601 2780 chrymarum
613 2699 792 2763 effusione.
811 2699 950 2762 Primae
963 2701 1125 2764 concioni
1136 2700 1277 2763 habitae
1294 2700 1388 2779 apud
1406 2699 1486 2761 illos
1503 2716 1604 2762 num·

372 2808 541 2870 mularios
558 2806 669 2870 adsuit
684 2806 908 2888 vicepraetor
922 2806 1201 2886 methymnensis
1211 2807 1287 2886 qui,
1309 2805 1467 2869 nondum
1483 2805 1604 2870 adhuc

368 2914 467 2977 finito
479 2931 652 2992 sermone,
667 2913 855 2994 alloquitur
867 2915 1002 2977 socium
1012 2913 1050 2975 P.
1065 2913 1255 2993 Baptistae,
1269 2912 1506 2992 admonetque
1521 2931 1606 2976 eum

367 3031 408 3083 ut
419 3019 538 3100 jubeat
555 3021 843 3083 concionatorem
862 3021 906 3083 ab
926 3020 1092 3094 inchoato
1115 3037 1276 3082 sermone
1296 3018 1484 3094 desistere,
1507 3037 1605 3084 asse-

370 3145 501 3191 verans
516 3129 633 3191 locum
647 3127 744 3190 illum
759 3127 901 3190 minime
916 3128 1079 3190 idoneum
1096 3143 1174 3190 esse
1189 3127 1339 3207 publicis
1354 3126 1604 3202 concionibus

368 3235 510 3314 insuper
537 3232 706 3311 adjiciens
732 3250 857 3296 ansam
885 3233 1047 3313 praeberi
1066 3231 1202 3296 furibus
1227 3233 1440 3313 surripiendi
1467 3233 1604 3295 aliena.

364 3339 436 3403 Sed
455 3341 484 3403 si
499 3340 585 3402 velit
605 3340 752 3402 verbum
771 3338 837 3402 Dei
859 3341 1091 3418 annunciare,
1116 3347 1191 3418 eat,
1205 3339 1332 3420 inquit,
1356 3339 1390 3402 in
1411 3341 1604 3402 ecclesias.

368 3447 444 3509 Hoc
459 3447 604 3509 audiens
615 3445 803 3524 religiosus
824 3446 967 3526 quidam
982 3445 1115 3509 ordinis
1129 3444 1214 3509 Divi
1229 3446 1433 3525 Augustini,
1448 3461 1605 3525 praeve-

364 3554 466 3615 niens
477 3553 742 3632 responsionem
752 3552 873 3615 sratris
884 3553 1006 3630 nostri,
1021 3551 1201 3616 contendit
1213 3552 1249 3614 in
1263 3569 1305 3614 eo
1317 3554 1395 3614 loco
1407 3553 1609 3617 ecclesiam

366 3677 455 3737 esse,
472 3676 553 3721 cum
575 3659 622 3721 ibi
644 3660 688 3722 sit
708 3669 781 3722 tam
801 3675 990 3722 numerosa
1012 3659 1197 3723 multitudo
1222 3657 1374 3722 fidelium
1395 3659 1432 3722 in
1453 3661 1610 3724 nomine

363 3765 450 3846 Jesu
465 3773 697 3844 congregata,
714 3784 757 3828 ac
776 3765 925 3845 proinde
945 3765 1140 3828 rectissime
1164 3765 1299 3830 sactum
1318 3782 1395 3827 esse
1415 3765 1514 3845 quod
1534 3767 1607 3830 ibi-

362 3872 444 3934 dem
455 3887 603 3949 regnum
619 3870 685 3934 Dei
695 3871 834 3952 publice
844 3872 1081 3952 praedicetur;
1094 3873 1305 3952 praesertim
1317 3889 1398 3935 cum
1409 3874 1608 3952 templum,

363 3977 617 4057 quantumlibet
637 3979 804 4058 amplum,
825 3994 941 4058 capax
956 3997 1034 4042 esse
1051 3996 1126 4042 non
1140 3979 1251 4058 possit
1266 3988 1386 4042 tantae
1402 3979 1612 4045 multitudi-

360 4084 428 4146 nis:
449 4100 521 4146 non
541 4082 727 4147 defuerunt
746 4085 805 4164 qui
820 4085 914 4147 illico
934 4093 1168 4164 exsurgerent
1188 4085 1361 4149 adversus
1375 4095 1613 4165 praetorem,

362 4198 483 4271 partes
499 4189 664 4252 monachi
679 4189 917 4254 defendentes.
930 4190 1080 4254 Factum
1095 4201 1148 4254 est
1162 4190 1306 4255 tandem
1317 4199 1365 4269 ut,
1379 4190 1551 4271 imposito
1569 4199 1617 4260 ei

362 4297 512 4372 silentio,
529 4296 689 4375 placidus
704 4306 817 4359 totam
834 4297 972 4361 audiret
986 4297 1209 4375 concionem;
1221 4306 1346 4378 postea
1359 4315 1446 4360 vero
1458 4315 1505 4361 ne
1517 4317 1618 4365 ver-

360 4404 444 4465 bum
461 4403 602 4482 quidem
617 4403 660 4465 de
680 4403 802 4466 haere
817 4401 976 4483 proferre
991 4404 1090 4467 visus
1110 4413 1174 4467 est.
1198 4403 1344 4468 Praeter
1365 4404 1431 4467 has
1454 4409 1618 4474 concio-

361 4527 436 4587 nes,
454 4508 575 4571 diebus
590 4526 729 4589 quoque
744 4507 931 4573 dominicis
950 4528 993 4573 ac
1012 4509 1113 4574 festis
1131 4511 1360 4591 praedicabat
1380 4511 1417 4574 in
1431 4514 1623 4584 ecclesiis

363 4615 556 4695 potissimis
574 4614 649 4695 ejus
669 4615 803 4695 oppidi,
820 4633 929 4696 quae,
946 4617 1014 4679 etsi
1029 4617 1168 4696 amplae
1184 4617 1374 4682 admodum
1388 4618 1620 4704 videantur,

359 4732 481 4785 tantus
498 4731 616 4784 tamen
630 4730 708 4784 erat
723 4738 917 4784 concursus
932 4731 981 4801 ut,
999 4731 1185 4803 postquam
1197 4725 1233 4786 in
1243 4733 1452 4802 suggestum
1468 4741 1623 4796 ascen-
