3400 5532
380 489 436 546 nul
516 463 521 477 ⁸
772 488 942 546 Ltrruaae
962 505 1231 555 ouaontutssraes

382 644 488 695 cruce
503 642 580 695 erat
595 631 791 711 in'gressuS,
808 633 858 695 ita
874 643 908 695 et
927 633 1004 713 ipsa
1024 635 1215 696 comitante
1234 635 1478 697 deduceretur.
1504 635 1613 712 Cujus

381 757 476 802 mors
492 757 614 802 omnes
626 740 842 819 stupefactos
853 741 1024 819 simulque
1036 741 1079 804 de
1092 739 1167 820 ejus
1182 741 1253 803 vita
1267 759 1308 803 ac
1321 755 1434 804 morte
1447 741 1610 803 aedifica-

381 856 438 909 tos
450 846 600 927 reliquit,
616 847 704 909 adeo
717 856 753 909 ut
766 846 811 908 ad
826 865 896 910 non
912 848 1095 911 minimum
1105 849 1332 928 perfectionis
1347 849 1501 927 gradum
1514 850 1610 910 illum

381 954 587 1034 pervenisse
599 953 817 1032 affirmarim,
831 955 924 1035 quod
939 955 1079 1035 quidem
1091 971 1133 1017 eo
1149 957 1264 1032 magis
1276 957 1403 1018 mirum
1416 957 1535 1018 visum
1550 969 1612 1026 est,

381 1062 474 1142 quod
489 1077 558 1122 uno
574 1077 666 1123 anno
682 1070 802 1123 tantus
816 1061 951 1124 fructus
965 1062 1118 1125 ferventi
1134 1063 1340 1142 proficiendi
1362 1062 1541 1125 desiderio
1564 1082 1615 1124 rc·

380 1168 468 1230 tulit.
494 1167 561 1230 Hic
587 1176 664 1230 erat
688 1185 792 1247 quern
816 1167 857 1230 R.
886 1170 922 1231 in
942 1168 1083 1232 Christo
1104 1167 1142 1230 P.
1164 1169 1301 1232 Natalis
1320 1170 1366 1232 ad
1387 1187 1452 1232 vos
1473 1172 1614 1232 mittere

380 1277 498 1338 animo
514 1284 745 1355 conceperat:
762 1292 912 1354 cumque
930 1293 996 1338 nos
1015 1275 1071 1356 pie
1091 1278 1287 1338 reclamare
1308 1283 1412 1354 posse
1433 1277 1613 1339 existima-

379 1399 517 1456 remuS,
535 1381 707 1460 Christus,
724 1391 762 1444 ut
778 1383 808 1444 si
827 1381 909 1460 quid
931 1393 1024 1444 esset
1045 1382 1180 1445 dissidii
1196 1383 1383 1460 adimeret,
1401 1384 1446 1446 ad
1463 1395 1609 1445 aeterna

275 1507 278 1514 ·
381 1490 495 1568 ipsum
518 1488 746 1550 tabernacula
767 1488 911 1566 recepit.
934 1488 1093 1568 Cumque
1113 1489 1201 1551 nibil
1221 1489 1316 1551 aliud
1336 1490 1379 1551 de
1401 1491 1459 1552 illo
1483 1491 1611 1552 habea-

379 1613 468 1674 mus,
485 1596 553 1658 tria
568 1595 682 1672 vobis,
699 1612 790 1675 quae
804 1596 900 1656 velut
915 1595 1116 1672 fragmenta
1130 1607 1384 1674 remanserunt,
1402 1615 1565 1676 quaeque
1579 1600 1613 1658 in

380 1721 421 1765 eo
436 1703 656 1782 potissimum
671 1702 887 1780 relucebant,
903 1702 1063 1764 lubenter
1078 1704 1428 1767 communicabimus:
1447 1705 1613 1767 obedien-

380 1811 480 1888 tiam,
503 1809 765 1888 simplicitatem
783 1809 998 1888 spiritusque
1018 1809 1212 1888 fervorem;
1234 1829 1324 1890 quae
1341 1811 1422 1873 inde
1443 1829 1525 1874 eum
1546 1813 1612 1874 sibi

380 1934 607 1996 comparasse
622 1916 786 1995 arbitror,
804 1917 898 1996 quod
914 1935 934 1978 a
950 1917 1119 1996 quolibet,
1138 1919 1243 1979 etiam
1260 1918 1414 1996 minimo,
1433 1922 1611 1981 contemni

381 2025 559 2103 cupiebat,
584 2040 759 2102 verasque
780 2023 923 2086 divitias
946 2033 1191 2103 paupertatem
1215 2025 1399 2102 censebat;
1426 2043 1492 2088 nec
1518 2028 1612 2105 quic-

379 2147 485 2210 quam
501 2131 607 2209 aliud,
628 2142 769 2210 praeter
791 2130 1049 2208 tribulationes,
1074 2132 1227 2210 quietem
1249 2132 1298 2194 illi
1314 2131 1440 2194 afferre
1456 2142 1607 2211 poterat,

378 2237 504 2318 quibus
519 2237 564 2299 ad
578 2254 702 2300 veram
717 2255 841 2316 pacem
857 2237 907 2316 (ut
921 2248 956 2299 et
972 2237 1047 2316 ipse
1063 2236 1189 2316 ajebat,
1203 2247 1238 2300 et
1252 2250 1348 2300 recte
1363 2239 1517 2318 quidem)
1534 2259 1612 2320 per-

381 2346 529 2406 venitur.
552 2343 652 2406 Haec
672 2354 754 2407 sunt
778 2361 928 2425 quorum
952 2362 1018 2408 vos
1044 2346 1235 2424 participes
1260 2346 1378 2408 iacere
1405 2363 1607 2428 possumus.

378 2451 475 2514 Haec
496 2451 539 2513 de
564 2452 622 2513 illo
647 2451 849 2529 fragmenta
874 2463 1137 2531 remanserunt,
1159 2470 1248 2532 quae
1269 2470 1406 2515 summa
1426 2455 1608 2533 diligentia

378 2557 577 2635 colligenda
593 2568 673 2621 sunt
688 2569 722 2619 et
737 2558 863 2637 cuique
878 2558 1118 2637 observanda,
1134 2577 1178 2621 ne
1193 2561 1309 2640 perire
1328 2570 1451 2623 nostra
1470 2561 1607 2623 incuria

377 2683 420 2725 ac
436 2665 652 2743 negligentia
665 2665 919 2744 permittamus
933 2665 1036 2727 Hanc
1051 2666 1174 2728 advos
1186 2667 1371 2745 epistolam
1384 2667 1604 2746 scripsimus,

377 2788 458 2833 cum
472 2780 511 2834 ut
530 2769 605 2850 eJus
626 2770 746 2834 fratris
767 2781 880 2834 morte
901 2775 1004 2851 (quae
1023 2772 1170 2834 mirifice
1190 2789 1311 2834 omnes
1331 2772 1546 2836 aedificavit»
1572 2775 1604 2835 in

377 2878 518 2940 Christo
533 2879 726 2954 laetemini,
744 2895 877 2958 proque
892 2877 968 2959 eJ‘us
983 2879 1101 2941 anima
1121 2895 1245 2958 preces
1266 2879 1301 2940 in
1322 2881 1459 2944 coelum
1481 2880 1607 2942 funda-

376 2986 437 3064 tis,
453 2995 527 3047 tum
542 2994 580 3048 ut
593 2985 670 3047 Deo
686 2985 826 3065 Optimo
843 2984 1013 3061 Maximo,
1030 2988 1090 3065 qui
1106 3004 1186 3049 eum
1202 2997 1274 3049 tam
1294 2986 1444 3049 feliciter
1460 2987 1505 3048 ad
1527 3005 1604 3049 sese

376 3110 507 3155 vocare
523 3093 769 3171 dignatusest,
786 3094 933 3156 meritae
948 3093 1070 3156 laudes
1092 3093 1300 3157 reserantur.

435 3199 572 3279 Valere,
589 3199 719 3262 fratres
734 3201 769 3262 in
786 3199 928 3262 Christo
944 3200 1170 3263 dilectissimi.

435 3307 632 3380 Messanae,
652 3306 689 3369 l8
705 3307 857 3385 Augusti
877 3307 964 3369 1551.

434 3413 607 3476 Mittimus
621 3431 761 3494 quoque
774 3413 817 3476 ad
830 3431 896 3476 vos
908 3415 1086 3494 epitaphia
1099 3414 1272 3494 quaedum
1286 3432 1418 3494 graeca
1433 3425 1467 3477 et
1479 3416 1600 3486 latina,

374 3539 464 3599 quae
481 3522 590 3600 ipsius
606 3521 847 3600 condiscipuli,
866 3521 910 3582 ob
925 3521 1019 3600 piam
1035 3532 1068 3583 et
1081 3521 1273 3599 jucundam
1289 3521 1364 3600 ejus
1378 3523 1598 3590 memoriam.

374 3629 424 3690 illi
437 3636 576 3690 mortuo
591 3629 887 3708 conscripserunt.
905 3629 1013 3703 Haec,
1032 3631 1155 3692 eadem
1170 3646 1238 3708 qua
1254 3635 1289 3691 et
1303 3630 1395 3691 hanc
1415 3631 1599 3709 epistolam

374 3735 555 3814 patientia,
575 3735 605 3796 si
620 3737 747 3814 placet,
766 3735 926 3815 accipite.

435 3840 518 3903 Alia
533 3858 643 3904 manu
657 3843 705 3903 ad
720 3859 821 3904 oram
832 3843 994 3922 paginae
1010 3852 1173 3908 octavae:
1192 3845 1282 3924 1:351,
1300 3844 1397 3924 Qpis.
1414 3845 1519 3907 Mess.

434 3949 482 4010 Et
498 3966 607 4010 manu
624 3948 754 4011 Patris
770 3951 949 4014 Polorrco:
965 3942 1133 4030 augustos
