<?xml version="1.0" encoding="UTF-8"?>
<!DOCTYPE html PUBLIC "-//W3C//DTD XHTML 1.0 Transitional//EN"
    "http://www.w3.org/TR/xhtml1/DTD/xhtml1-transitional.dtd">
<html xmlns="http://www.w3.org/1999/xhtml" xml:lang="en" lang="en">
 <head>
  <title>
</title>
<meta http-equiv="Content-Type" content="text/html;charset=utf-8" />
  <meta name='ocr-system' content='tesseract 3.04.00' />
  <meta name='ocr-capabilities' content='ocr_page ocr_carea ocr_par ocr_line ocrx_word'/>
</head>
<body>
  <div class='ocr_page' id='page_1' title='image "./litteraequadrim01jesugoog_0442.png"; bbox 0 0 3378 5530; ppageno 0'>
   <div class='ocr_carea' id='block_1_1' title="bbox 763 497 1223 567">
    <p class='ocr_par' dir='ltr' id='par_1_1' title="bbox 763 497 1223 567">
     <span class='ocr_line' id='line_1_1' title="bbox 763 497 1223 567; baseline 0 -9"><span class='ocrx_word' id='word_1_1' title='bbox 763 497 934 559; x_wconf 75' lang='lat' dir='ltr'>Llrrlsttass</span> <span class='ocrx_word' id='word_1_2' title='bbox 953 515 1223 567; x_wconf 70' lang='lat' dir='ltr'>Qunnniusssrttas</span> 
     </span>
    </p>
   </div>
   <div class='ocr_carea' id='block_1_2' title="bbox 429 1517 1055 1792">
    <p class='ocr_par' dir='ltr' id='par_1_2' title="bbox 429 1517 1055 1792">
     <span class='ocr_line' id='line_1_2' title="bbox 429 1517 791 1616; baseline 0.011 -39"><span class='ocrx_word' id='word_1_3' title='bbox 429 1518 465 1578; x_wconf 89' lang='lat' dir='ltr'>P.</span> <span class='ocrx_word' id='word_1_4' title='bbox 481 1517 636 1616; x_wconf 82' lang='lat' dir='ltr'>Andreas</span> <span class='ocrx_word' id='word_1_5' title='bbox 650 1521 791 1582; x_wconf 88' lang='lat' dir='ltr'>Frusius</span> 
     </span>
     <span class='ocr_line' id='line_1_3' title="bbox 466 1615 852 1695; baseline 0.008 -20"><span class='ocrx_word' id='word_1_6' title='bbox 466 1615 502 1676; x_wconf 91' lang='lat' dir='ltr'>P.</span> <span class='ocrx_word' id='word_1_7' title='bbox 516 1617 645 1692; x_wconf 88' lang='lat' dir='ltr'>ignatio</span> <span class='ocrx_word' id='word_1_8' title='bbox 658 1618 699 1678; x_wconf 89' lang='lat' dir='ltr'>de</span> <span class='ocrx_word' id='word_1_9' title='bbox 712 1619 852 1695; x_wconf 85' lang='lat' dir='ltr'>Loyola.</span> 
     </span>
     <span class='ocr_line' id='line_1_4' title="bbox 499 1715 1055 1792; baseline 0.011 -18"><span class='ocrx_word' id='word_1_10' title='bbox 499 1715 665 1788; x_wconf 85' lang='lat' dir='ltr'>venetiis,</span> <span class='ocrx_word' id='word_1_11' title='bbox 679 1717 715 1776; x_wconf 81' lang='lat'>26</span> <span class='ocrx_word' id='word_1_12' title='bbox 728 1715 933 1792; x_wconf 84' lang='lat' dir='ltr'>Septembris</span> <span class='ocrx_word' id='word_1_13' title='bbox 951 1719 1017 1778; x_wconf 82' lang='grc'><strong>1551</strong></span> <span class='ocrx_word' id='word_1_14' title='bbox 1034 1719 1055 1780; x_wconf 82' lang='lat'>¹.</span> 
     </span>
    </p>
   </div>
   <div class='ocr_carea' id='block_1_3' title="bbox 953 1979 1028 2096">
    <p class='ocr_par' dir='ltr' id='par_1_3' title="bbox 953 1979 1028 2096">
     <span class='ocr_line' id='line_1_5' title="bbox 953 1979 1028 2096; baseline 0.013 -1"><span class='ocrx_word' id='word_1_15' title='bbox 953 1979 1028 2096; x_wconf 72' lang='lat' dir='ltr'>uls</span> 
     </span>
    </p>
   </div>
   <div class='ocr_carea' id='block_1_4' title="bbox 365 2245 1593 4354">
    <p class='ocr_par' dir='ltr' id='par_1_4' title="bbox 433 2245 994 2311">
     <span class='ocr_line' id='line_1_6' title="bbox 433 2245 994 2311; baseline 0.002 -2"><span class='ocrx_word' id='word_1_16' title='bbox 433 2247 542 2310; x_wconf 91' lang='lat' dir='ltr'>Molto</span> <span class='ocrx_word' id='word_1_17' title='bbox 556 2246 644 2311; x_wconf 91' lang='lat' dir='ltr'>Rdo.</span> <span class='ocrx_word' id='word_1_18' title='bbox 661 2249 697 2311; x_wconf 92' lang='lat' dir='ltr'>in</span> <span class='ocrx_word' id='word_1_19' title='bbox 713 2246 854 2310; x_wconf 90' lang='lat' dir='ltr'>Christo</span> <span class='ocrx_word' id='word_1_20' title='bbox 868 2245 994 2311; x_wconf 88' lang='lat' dir='ltr'>Padre.</span> 
     </span>
    </p>

    <p class='ocr_par' dir='ltr' id='par_1_5' title="bbox 435 2353 714 2434">
     <span class='ocr_line' id='line_1_7' title="bbox 435 2353 714 2434; baseline -0.011 -18"><span class='ocrx_word' id='word_1_21' title='bbox 435 2353 486 2417; x_wconf 89' lang='lat' dir='ltr'>La</span> <span class='ocrx_word' id='word_1_22' title='bbox 502 2355 630 2434; x_wconf 84' lang='lat' dir='ltr'>gratia,</span> <span class='ocrx_word' id='word_1_23' title='bbox 648 2363 714 2418; x_wconf 90' lang='lat' dir='ltr'>etc.</span> 
     </span>
    </p>

    <p class='ocr_par' dir='ltr' id='par_1_6' title="bbox 365 2457 1592 4032">
     <span class='ocr_line' id='line_1_8' title="bbox 431 2457 1592 2542; baseline -0.001 -19"><span class='ocrx_word' id='word_1_24' title='bbox 431 2457 499 2523; x_wconf 89' lang='lat' dir='ltr'>Per</span> <span class='ocrx_word' id='word_1_25' title='bbox 514 2462 670 2524; x_wconf 83' lang='lat' dir='ltr'>scrivere</span> <span class='ocrx_word' id='word_1_26' title='bbox 685 2479 753 2525; x_wconf 92' lang='lat' dir='ltr'>con</span> <span class='ocrx_word' id='word_1_27' title='bbox 768 2463 905 2526; x_wconf 81' lang='lat' dir='ltr'>brevita</span> <span class='ocrx_word' id='word_1_28' title='bbox 920 2470 954 2524; x_wconf 91' lang='lat' dir='ltr'>et</span> <span class='ocrx_word' id='word_1_29' title='bbox 968 2461 1004 2524; x_wconf 91' lang='lat' dir='ltr'>in</span> <span class='ocrx_word' id='word_1_30' title='bbox 1018 2461 1216 2524; x_wconf 89' lang='lat' dir='ltr'>substantia</span> <span class='ocrx_word' id='word_1_31' title='bbox 1235 2462 1267 2523; x_wconf 89' lang='lat' dir='ltr'>le</span> <span class='ocrx_word' id='word_1_32' title='bbox 1287 2479 1369 2524; x_wconf 89' lang='lat' dir='ltr'>cose</span> <span class='ocrx_word' id='word_1_33' title='bbox 1384 2465 1445 2542; x_wconf 89' lang='lat' dir='ltr'>qui</span> <span class='ocrx_word' id='word_1_34' title='bbox 1460 2471 1592 2542; x_wconf 86' lang='lat' dir='ltr'>passate</span> 
     </span>
     <span class='ocr_line' id='line_1_9' title="bbox 374 2565 1590 2649; baseline 0 -21"><span class='ocrx_word' id='word_1_35' title='bbox 374 2565 410 2630; x_wconf 94' lang='lat' dir='ltr'>di</span> <span class='ocrx_word' id='word_1_36' title='bbox 435 2567 455 2627; x_wconf 85' lang='grc'>4</span> <span class='ocrx_word' id='word_1_37' title='bbox 476 2568 583 2630; x_wconf 88' lang='lat' dir='ltr'>messi</span> <span class='ocrx_word' id='word_1_38' title='bbox 607 2569 747 2649; x_wconf 88' lang='lat' dir='ltr'>inqua,</span> <span class='ocrx_word' id='word_1_39' title='bbox 771 2568 925 2632; x_wconf 86' lang='lat' dir='ltr'>secondo</span> <span class='ocrx_word' id='word_1_40' title='bbox 944 2568 967 2629; x_wconf 84' lang='lat' dir='ltr'>l’</span> <span class='ocrx_word' id='word_1_41' title='bbox 989 2565 1112 2630; x_wconf 86' lang='lat' dir='ltr'>ordine</span> <span class='ocrx_word' id='word_1_42' title='bbox 1132 2567 1224 2630; x_wconf 88' lang='lat' dir='ltr'>della</span> <span class='ocrx_word' id='word_1_43' title='bbox 1245 2566 1301 2631; x_wconf 83' lang='lat' dir='ltr'>P.⁸</span> <span class='ocrx_word' id='word_1_44' title='bbox 1321 2565 1397 2645; x_wconf 75' lang='lat' dir='ltr'>V.²,</span> <span class='ocrx_word' id='word_1_45' title='bbox 1421 2567 1590 2648; x_wconf 71' lang='grc'><strong>0111111011-</strong></span> 
     </span>
     <span class='ocr_line' id='line_1_10' title="bbox 372 2672 1592 2754; baseline -0.002 -18"><span class='ocrx_word' id='word_1_46' title='bbox 372 2681 488 2736; x_wconf 88' lang='lat' dir='ltr'>mente</span> <span class='ocrx_word' id='word_1_47' title='bbox 509 2673 686 2754; x_wconf 88' lang='lat' dir='ltr'>possiamo</span> <span class='ocrx_word' id='word_1_48' title='bbox 706 2674 781 2737; x_wconf 88' lang='lat' dir='ltr'>dire</span> <span class='ocrx_word' id='word_1_49' title='bbox 801 2690 869 2737; x_wconf 90' lang='lat' dir='ltr'>con</span> <span class='ocrx_word' id='word_1_50' title='bbox 887 2673 1026 2737; x_wconf 78' lang='lat' dir='ltr'>brevita</span> <span class='ocrx_word' id='word_1_51' title='bbox 1050 2682 1085 2736; x_wconf 87' lang='lat' dir='ltr'>et</span> <span class='ocrx_word' id='word_1_52' title='bbox 1104 2673 1219 2736; x_wconf 81' lang='lat' dir='ltr'>verita</span> <span class='ocrx_word' id='word_1_53' title='bbox 1239 2673 1305 2736; x_wconf 93' lang='lat' dir='ltr'>che</span> <span class='ocrx_word' id='word_1_54' title='bbox 1323 2673 1365 2736; x_wconf 92' lang='lat' dir='ltr'>N.</span> <span class='ocrx_word' id='word_1_55' title='bbox 1394 2672 1542 2752; x_wconf 86' lang='lat' dir='ltr'>Signore</span> <span class='ocrx_word' id='word_1_56' title='bbox 1566 2675 1592 2734; x_wconf 90' lang='lat' dir='ltr'>si</span> 
     </span>
     <span class='ocr_line' id='line_1_11' title="bbox 371 2780 1589 2860; baseline -0.002 -17"><span class='ocrx_word' id='word_1_57' title='bbox 371 2781 488 2860; x_wconf 87' lang='lat' dir='ltr'>degna</span> <span class='ocrx_word' id='word_1_58' title='bbox 502 2789 677 2845; x_wconf 89' lang='lat' dir='ltr'>mostrare</span> <span class='ocrx_word' id='word_1_59' title='bbox 691 2782 726 2844; x_wconf 85' lang='lat' dir='ltr'>la</span> <span class='ocrx_word' id='word_1_60' title='bbox 741 2799 805 2844; x_wconf 87' lang='lat' dir='ltr'>sua</span> <span class='ocrx_word' id='word_1_61' title='bbox 820 2781 938 2858; x_wconf 79' lang='lat' dir='ltr'>bonta,</span> <span class='ocrx_word' id='word_1_62' title='bbox 956 2780 1118 2858; x_wconf 85' lang='lat' dir='ltr'>dandoci,</span> <span class='ocrx_word' id='word_1_63' title='bbox 1135 2780 1252 2843; x_wconf 90' lang='lat' dir='ltr'>conia</span> <span class='ocrx_word' id='word_1_64' title='bbox 1268 2781 1385 2844; x_wconf 81' lang='lat' dir='ltr'>sanita</span> <span class='ocrx_word' id='word_1_65' title='bbox 1400 2790 1435 2844; x_wconf 90' lang='lat' dir='ltr'>et</span> <span class='ocrx_word' id='word_1_66' title='bbox 1450 2799 1589 2844; x_wconf 89' lang='lat' dir='ltr'>commo-</span> 
     </span>
     <span class='ocr_line' id='line_1_12' title="bbox 369 2886 1590 2968; baseline -0.001 -19"><span class='ocrx_word' id='word_1_67' title='bbox 369 2886 445 2950; x_wconf 78' lang='lat' dir='ltr'>dita</span> <span class='ocrx_word' id='word_1_68' title='bbox 459 2888 655 2968; x_wconf 84' lang='lat' dir='ltr'>corporale,</span> <span class='ocrx_word' id='word_1_69' title='bbox 668 2887 804 2967; x_wconf 83' lang='lat' dir='ltr'>grande</span> <span class='ocrx_word' id='word_1_70' title='bbox 815 2904 903 2967; x_wconf 89' lang='lat' dir='ltr'>pace</span> <span class='ocrx_word' id='word_1_71' title='bbox 915 2895 950 2950; x_wconf 90' lang='lat' dir='ltr'>et</span> <span class='ocrx_word' id='word_1_72' title='bbox 965 2887 1208 2951; x_wconf 82' lang='lat' dir='ltr'>consolatione</span> <span class='ocrx_word' id='word_1_73' title='bbox 1223 2887 1313 2950; x_wconf 89' lang='lat' dir='ltr'>nelle</span> <span class='ocrx_word' id='word_1_74' title='bbox 1328 2904 1411 2950; x_wconf 90' lang='lat' dir='ltr'>cose</span> <span class='ocrx_word' id='word_1_75' title='bbox 1428 2886 1518 2950; x_wconf 90' lang='lat' dir='ltr'>dello</span> <span class='ocrx_word' id='word_1_76' title='bbox 1530 2887 1590 2967; x_wconf 89' lang='lat' dir='ltr'>spi-</span> 
     </span>
     <span class='ocr_line' id='line_1_13' title="bbox 368 2991 1589 3074; baseline -0.002 -18"><span class='ocrx_word' id='word_1_77' title='bbox 368 2993 438 3056; x_wconf 91' lang='lat' dir='ltr'>rito</span> <span class='ocrx_word' id='word_1_78' title='bbox 452 3003 486 3056; x_wconf 91' lang='lat' dir='ltr'>et</span> <span class='ocrx_word' id='word_1_79' title='bbox 501 2995 581 3057; x_wconf 89' lang='lat' dir='ltr'>altri</span> <span class='ocrx_word' id='word_1_80' title='bbox 603 2993 791 3072; x_wconf 90' lang='lat' dir='ltr'>essercitii‚</span> <span class='ocrx_word' id='word_1_81' title='bbox 808 2993 884 3056; x_wconf 73' lang='grc'><strong>0100</strong></span> <span class='ocrx_word' id='word_1_82' title='bbox 904 2992 985 3056; x_wconf 91' lang='lat' dir='ltr'>delli</span> <span class='ocrx_word' id='word_1_83' title='bbox 1000 2993 1116 3072; x_wconf 82' lang='lat' dir='ltr'>studii;</span> <span class='ocrx_word' id='word_1_84' title='bbox 1134 2991 1215 3056; x_wconf 90' lang='lat' dir='ltr'>nelli</span> <span class='ocrx_word' id='word_1_85' title='bbox 1231 2993 1328 3074; x_wconf 89' lang='lat' dir='ltr'>quali</span> <span class='ocrx_word' id='word_1_86' title='bbox 1341 2994 1423 3058; x_wconf 87' lang='lat' dir='ltr'>tutti</span> <span class='ocrx_word' id='word_1_87' title='bbox 1437 3011 1589 3074; x_wconf 80' lang='lat' dir='ltr'>perseve</span> 
     </span>
     <span class='ocr_line' id='line_1_14' title="bbox 369 3100 1589 3181; baseline -0.002 -18"><span class='ocrx_word' id='word_1_88' title='bbox 369 3118 457 3164; x_wconf 88' lang='lat' dir='ltr'>rano</span> <span class='ocrx_word' id='word_1_89' title='bbox 477 3118 545 3164; x_wconf 91' lang='lat' dir='ltr'>con</span> <span class='ocrx_word' id='word_1_90' title='bbox 564 3100 738 3165; x_wconf 88' lang='lat' dir='ltr'>desiderio</span> <span class='ocrx_word' id='word_1_91' title='bbox 759 3100 794 3163; x_wconf 94' lang='lat' dir='ltr'>di</span> <span class='ocrx_word' id='word_1_92' title='bbox 818 3100 905 3164; x_wconf 82' lang='lat' dir='ltr'>farsi</span> <span class='ocrx_word' id='word_1_93' title='bbox 924 3100 985 3181; x_wconf 79' lang='lat' dir='ltr'>piir</span> <span class='ocrx_word' id='word_1_94' title='bbox 1010 3100 1089 3177; x_wconf 88' lang='lat' dir='ltr'>atti,</span> <span class='ocrx_word' id='word_1_95' title='bbox 1114 3100 1268 3163; x_wconf 90' lang='lat' dir='ltr'>secondo</span> <span class='ocrx_word' id='word_1_96' title='bbox 1292 3101 1325 3164; x_wconf 84' lang='lat' dir='ltr'>la</span> <span class='ocrx_word' id='word_1_97' title='bbox 1342 3101 1508 3180; x_wconf 76' lang='lat' dir='ltr'>capacita</span> <span class='ocrx_word' id='word_1_98' title='bbox 1522 3119 1589 3176; x_wconf 84' lang='lat' dir='ltr'>sua,</span> 
     </span>
     <span class='ocr_line' id='line_1_15' title="bbox 368 3204 1590 3287; baseline -0.002 -17"><span class='ocrx_word' id='word_1_99' title='bbox 368 3225 431 3287; x_wconf 86' lang='lat' dir='ltr'>per</span> <span class='ocrx_word' id='word_1_100' title='bbox 445 3208 561 3272; x_wconf 91' lang='lat' dir='ltr'>servir</span> <span class='ocrx_word' id='word_1_101' title='bbox 576 3226 598 3271; x_wconf 89' lang='lat' dir='ltr'>a</span> <span class='ocrx_word' id='word_1_102' title='bbox 612 3206 681 3270; x_wconf 93' lang='lat' dir='ltr'>Dio</span> <span class='ocrx_word' id='word_1_103' title='bbox 696 3217 731 3271; x_wconf 89' lang='lat' dir='ltr'>et</span> <span class='ocrx_word' id='word_1_104' title='bbox 745 3209 779 3270; x_wconf 89' lang='lat' dir='ltr'>al</span> <span class='ocrx_word' id='word_1_105' title='bbox 793 3207 979 3287; x_wconf 89' lang='lat' dir='ltr'>prossimo.</span> <span class='ocrx_word' id='word_1_106' title='bbox 1002 3204 1039 3270; x_wconf 88' lang='lat' dir='ltr'>Si</span> <span class='ocrx_word' id='word_1_107' title='bbox 1060 3206 1168 3271; x_wconf 90' lang='lat' dir='ltr'>fanno</span> <span class='ocrx_word' id='word_1_108' title='bbox 1182 3205 1318 3270; x_wconf 87' lang='lat' dir='ltr'>lettioni</span> <span class='ocrx_word' id='word_1_109' title='bbox 1332 3207 1512 3270; x_wconf 83' lang='lat' dir='ltr'>ordinarie</span> <span class='ocrx_word' id='word_1_110' title='bbox 1531 3225 1590 3270; x_wconf 93' lang='lat' dir='ltr'>con</span> 
     </span>
     <span class='ocr_line' id='line_1_16' title="bbox 368 3311 1589 3395; baseline -0.002 -20"><span class='ocrx_word' id='word_1_111' title='bbox 368 3314 544 3395; x_wconf 85' lang='lat' dir='ltr'>frequenti</span> <span class='ocrx_word' id='word_1_112' title='bbox 573 3315 747 3377; x_wconf 85' lang='lat' dir='ltr'>essercitii</span> <span class='ocrx_word' id='word_1_113' title='bbox 775 3311 831 3376; x_wconf 91' lang='lat' dir='ltr'>del</span> <span class='ocrx_word' id='word_1_114' title='bbox 857 3329 1043 3394; x_wconf 87' lang='lat' dir='ltr'>comporre</span> <span class='ocrx_word' id='word_1_115' title='bbox 1067 3322 1102 3375; x_wconf 91' lang='lat' dir='ltr'>et</span> <span class='ocrx_word' id='word_1_116' title='bbox 1126 3312 1248 3392; x_wconf 88' lang='lat' dir='ltr'>parlar</span> <span class='ocrx_word' id='word_1_117' title='bbox 1270 3313 1393 3376; x_wconf 87' lang='lat' dir='ltr'>latino.</span> <span class='ocrx_word' id='word_1_118' title='bbox 1420 3313 1589 3394; x_wconf 88' lang='lat' dir='ltr'>Vengono</span> 
     </span>
     <span class='ocr_line' id='line_1_17' title="bbox 366 3419 1590 3500; baseline -0.002 -18"><span class='ocrx_word' id='word_1_119' title='bbox 366 3419 522 3485; x_wconf 79' lang='lat' dir='ltr'>scholari</span> <span class='ocrx_word' id='word_1_120' title='bbox 541 3420 578 3484; x_wconf 91' lang='lat' dir='ltr'>di</span> <span class='ocrx_word' id='word_1_121' title='bbox 597 3420 710 3498; x_wconf 85' lang='lat' dir='ltr'>suora,</span> <span class='ocrx_word' id='word_1_122' title='bbox 738 3429 772 3483; x_wconf 88' lang='lat' dir='ltr'>et</span> <span class='ocrx_word' id='word_1_123' title='bbox 797 3419 964 3483; x_wconf 89' lang='lat' dir='ltr'>massime</span> <span class='ocrx_word' id='word_1_124' title='bbox 988 3419 1024 3482; x_wconf 96' lang='lat' dir='ltr'>di</span> <span class='ocrx_word' id='word_1_125' title='bbox 1045 3419 1151 3500; x_wconf 80' lang='lat' dir='ltr'>putri,</span> <span class='ocrx_word' id='word_1_126' title='bbox 1173 3419 1185 3481; x_wconf 96' lang='lat' dir='ltr'>i</span> <span class='ocrx_word' id='word_1_127' title='bbox 1206 3419 1300 3499; x_wconf 88' lang='lat' dir='ltr'>quali</span> <span class='ocrx_word' id='word_1_128' title='bbox 1321 3428 1505 3483; x_wconf 89' lang='lat' dir='ltr'>mostrano</span> <span class='ocrx_word' id='word_1_129' title='bbox 1529 3421 1590 3482; x_wconf 91' lang='lat' dir='ltr'>hon</span> 
     </span>
     <span class='ocr_line' id='line_1_18' title="bbox 370 3524 1592 3607; baseline -0.002 -19"><span class='ocrx_word' id='word_1_130' title='bbox 370 3526 523 3606; x_wconf 88' lang='lat' dir='ltr'>profetto</span> <span class='ocrx_word' id='word_1_131' title='bbox 538 3528 630 3590; x_wconf 90' lang='lat' dir='ltr'>nello</span> <span class='ocrx_word' id='word_1_132' title='bbox 646 3525 763 3590; x_wconf 91' lang='lat' dir='ltr'>studio</span> <span class='ocrx_word' id='word_1_133' title='bbox 778 3536 813 3588; x_wconf 91' lang='lat' dir='ltr'>et</span> <span class='ocrx_word' id='word_1_134' title='bbox 827 3525 993 3603; x_wconf 89' lang='lat' dir='ltr'>costumi‚</span> <span class='ocrx_word' id='word_1_135' title='bbox 1005 3524 1279 3600; x_wconf 80' lang='lat' dir='ltr'>¹confessandosi</span> <span class='ocrx_word' id='word_1_136' title='bbox 1298 3526 1394 3603; x_wconf 89' lang='lat' dir='ltr'>tutti,</span> <span class='ocrx_word' id='word_1_137' title='bbox 1412 3526 1552 3607; x_wconf 87' lang='lat' dir='ltr'>quando</span> <span class='ocrx_word' id='word_1_138' title='bbox 1566 3527 1592 3587; x_wconf 86' lang='lat' dir='ltr'>si</span> 
     </span>
     <span class='ocr_line' id='line_1_19' title="bbox 369 3631 1588 3713; baseline -0.002 -17"><span class='ocrx_word' id='word_1_139' title='bbox 369 3632 458 3712; x_wconf 85' lang='lat' dir='ltr'>dice,</span> <span class='ocrx_word' id='word_1_140' title='bbox 482 3634 562 3696; x_wconf 89' lang='lat' dir='ltr'>anzi</span> <span class='ocrx_word' id='word_1_141' title='bbox 581 3632 864 3696; x_wconf 85' lang='lat' dir='ltr'>domandandolo</span> <span class='ocrx_word' id='word_1_142' title='bbox 884 3632 944 3713; x_wconf 82' lang='lat' dir='ltr'>piu</span> <span class='ocrx_word' id='word_1_143' title='bbox 966 3649 1100 3712; x_wconf 87' lang='lat' dir='ltr'>spesso,</span> <span class='ocrx_word' id='word_1_144' title='bbox 1118 3631 1209 3694; x_wconf 90' lang='lat' dir='ltr'>onde</span> <span class='ocrx_word' id='word_1_145' title='bbox 1227 3633 1341 3695; x_wconf 88' lang='lat' dir='ltr'>riesce</span> <span class='ocrx_word' id='word_1_146' title='bbox 1356 3634 1466 3696; x_wconf 88' lang='lat' dir='ltr'>molto</span> <span class='ocrx_word' id='word_1_147' title='bbox 1481 3633 1588 3696; x_wconf 81' lang='lat' dir='ltr'>buona</span> 
     </span>
     <span class='ocr_line' id='line_1_20' title="bbox 365 3736 1590 3820; baseline -0.002 -18"><span class='ocrx_word' id='word_1_148' title='bbox 365 3739 598 3818; x_wconf 80' lang='lat' dir='ltr'>edificatione3</span> <span class='ocrx_word' id='word_1_149' title='bbox 616 3739 780 3802; x_wconf 87' lang='lat' dir='ltr'>havendo</span> <span class='ocrx_word' id='word_1_150' title='bbox 795 3756 857 3819; x_wconf 90' lang='lat' dir='ltr'>per</span> <span class='ocrx_word' id='word_1_151' title='bbox 872 3738 1028 3801; x_wconf 89' lang='lat' dir='ltr'>Maestro</span> <span class='ocrx_word' id='word_1_152' title='bbox 1043 3739 1066 3800; x_wconf 95' lang='grc'>11</span> <span class='ocrx_word' id='word_1_153' title='bbox 1081 3737 1119 3799; x_wconf 90' lang='lat' dir='ltr'>P.</span> <span class='ocrx_word' id='word_1_154' title='bbox 1132 3736 1177 3800; x_wconf 90' lang='lat' dir='ltr'>D.</span> <span class='ocrx_word' id='word_1_155' title='bbox 1192 3737 1324 3801; x_wconf 90' lang='lat' dir='ltr'>Cesare</span> <span class='ocrx_word' id='word_1_156' title='bbox 1335 3736 1359 3817; x_wconf 78' lang='lat'>²,</span> <span class='ocrx_word' id='word_1_157' title='bbox 1371 3740 1482 3802; x_wconf 87' lang='lat' dir='ltr'>molto</span> <span class='ocrx_word' id='word_1_158' title='bbox 1498 3757 1590 3820; x_wconf 89' lang='lat' dir='ltr'>apro·</span> 
     </span>
     <span class='ocr_line' id='line_1_21' title="bbox 365 3843 1590 3926; baseline -0.003 -17"><span class='ocrx_word' id='word_1_159' title='bbox 365 3847 483 3926; x_wconf 85' lang='lat' dir='ltr'>posito</span> <span class='ocrx_word' id='word_1_160' title='bbox 501 3864 564 3926; x_wconf 91' lang='lat' dir='ltr'>per</span> <span class='ocrx_word' id='word_1_161' title='bbox 584 3848 615 3909; x_wconf 93' lang='lat' dir='ltr'>le</span> <span class='ocrx_word' id='word_1_162' title='bbox 636 3845 770 3926; x_wconf 78' lang='lat' dir='ltr'>qualita</span> <span class='ocrx_word' id='word_1_163' title='bbox 788 3862 861 3907; x_wconf 90' lang='lat' dir='ltr'>sue.</span> <span class='ocrx_word' id='word_1_164' title='bbox 879 3843 979 3906; x_wconf 87' lang='lat' dir='ltr'>Altre</span> <span class='ocrx_word' id='word_1_165' title='bbox 998 3844 1134 3906; x_wconf 89' lang='lat' dir='ltr'>lettioni</span> <span class='ocrx_word' id='word_1_166' title='bbox 1153 3843 1183 3906; x_wconf 92' lang='lat' dir='ltr'>si</span> <span class='ocrx_word' id='word_1_167' title='bbox 1198 3845 1352 3923; x_wconf 84' lang='lat' dir='ltr'>leggono</span> <span class='ocrx_word' id='word_1_168' title='bbox 1368 3845 1427 3924; x_wconf 81' lang='lat' dir='ltr'>piu</span> <span class='ocrx_word' id='word_1_169' title='bbox 1445 3845 1516 3908; x_wconf 90' lang='lat' dir='ltr'>alte</span> <span class='ocrx_word' id='word_1_170' title='bbox 1538 3845 1590 3908; x_wconf 89' lang='lat' dir='ltr'>alli</span> 
     </span>
     <span class='ocr_line' id='line_1_22' title="bbox 366 3949 1114 4032; baseline -0.005 -17"><span class='ocrx_word' id='word_1_171' title='bbox 366 3953 480 4016; x_wconf 87' lang='lat' dir='ltr'>nostri</span> <span class='ocrx_word' id='word_1_172' title='bbox 494 3961 529 4015; x_wconf 90' lang='lat' dir='ltr'>et</span> <span class='ocrx_word' id='word_1_173' title='bbox 543 3952 661 4015; x_wconf 90' lang='lat' dir='ltr'>alcuni</span> <span class='ocrx_word' id='word_1_174' title='bbox 676 3951 808 4032; x_wconf 15' lang='lat' dir='ltr'>altriqin</span> <span class='ocrx_word' id='word_1_175' title='bbox 822 3967 930 4030; x_wconf 88' lang='lat' dir='ltr'>greco</span> <span class='ocrx_word' id='word_1_176' title='bbox 945 3959 981 4012; x_wconf 89' lang='lat' dir='ltr'>et</span> <span class='ocrx_word' id='word_1_177' title='bbox 994 3949 1114 4012; x_wconf 87' lang='lat' dir='ltr'>latino.</span> 
     </span>
    </p>

    <p class='ocr_par' dir='ltr' id='par_1_7' title="bbox 365 4057 1593 4354">
     <span class='ocr_line' id='line_1_23' title="bbox 425 4057 1591 4140; baseline -0.003 -18"><span class='ocrx_word' id='word_1_178' title='bbox 425 4057 505 4123; x_wconf 89' lang='lat' dir='ltr'>Alie</span> <span class='ocrx_word' id='word_1_179' title='bbox 529 4058 696 4140; x_wconf 90' lang='lat' dir='ltr'>prediche</span> <span class='ocrx_word' id='word_1_180' title='bbox 717 4059 801 4138; x_wconf 87' lang='lat' dir='ltr'>ogni</span> <span class='ocrx_word' id='word_1_181' title='bbox 825 4057 917 4121; x_wconf 90' lang='lat' dir='ltr'>festa</span> <span class='ocrx_word' id='word_1_182' title='bbox 941 4073 1062 4121; x_wconf 88' lang='lat' dir='ltr'>cresce</span> <span class='ocrx_word' id='word_1_183' title='bbox 1087 4057 1111 4120; x_wconf 94' lang='grc'>11</span> <span class='ocrx_word' id='word_1_184' title='bbox 1137 4057 1327 4138; x_wconf 84' lang='lat' dir='ltr'>auditorio,</span> <span class='ocrx_word' id='word_1_185' title='bbox 1349 4059 1511 4139; x_wconf 88' lang='lat' dir='ltr'>parendo</span> <span class='ocrx_word' id='word_1_186' title='bbox 1533 4059 1591 4121; x_wconf 89' lang='lat' dir='ltr'>che</span> 
     </span>
     <span class='ocr_line' id='line_1_24' title="bbox 365 4163 1593 4246; baseline -0.003 -18"><span class='ocrx_word' id='word_1_187' title='bbox 365 4175 488 4229; x_wconf 89' lang='lat' dir='ltr'>nostro</span> <span class='ocrx_word' id='word_1_188' title='bbox 513 4164 662 4246; x_wconf 86' lang='lat' dir='ltr'>Signore</span> <span class='ocrx_word' id='word_1_189' title='bbox 682 4165 732 4245; x_wconf 85' lang='lat' dir='ltr'>gli</span> <span class='ocrx_word' id='word_1_190' title='bbox 751 4165 811 4228; x_wconf 87' lang='lat' dir='ltr'>dia</span> <span class='ocrx_word' id='word_1_191' title='bbox 830 4164 979 4244; x_wconf 87' lang='lat' dir='ltr'>qualche</span> <span class='ocrx_word' id='word_1_192' title='bbox 999 4163 1256 4243; x_wconf 85' lang='lat' dir='ltr'>satisfactione,</span> <span class='ocrx_word' id='word_1_193' title='bbox 1282 4165 1549 4246; x_wconf 86' lang='lat' dir='ltr'>multiplicando</span> <span class='ocrx_word' id='word_1_194' title='bbox 1573 4165 1593 4225; x_wconf 91' lang='lat' dir='ltr'>li</span> 
     </span>
     <span class='ocr_line' id='line_1_25' title="bbox 366 4269 1590 4354; baseline -0.002 -19"><span class='ocrx_word' id='word_1_195' title='bbox 366 4272 472 4351; x_wconf 88' lang='lat' dir='ltr'>pochi</span> <span class='ocrx_word' id='word_1_196' title='bbox 486 4274 570 4352; x_wconf 90' lang='lat' dir='ltr'>pani</span> <span class='ocrx_word' id='word_1_197' title='bbox 585 4273 654 4335; x_wconf 88' lang='lat' dir='ltr'>alla</span> <span class='ocrx_word' id='word_1_198' title='bbox 668 4271 791 4350; x_wconf 86' lang='lat' dir='ltr'>turba;</span> <span class='ocrx_word' id='word_1_199' title='bbox 807 4272 839 4334; x_wconf 90' lang='lat' dir='ltr'>le</span> <span class='ocrx_word' id='word_1_200' title='bbox 858 4269 1073 4334; x_wconf 86' lang='lat' dir='ltr'>confessioni</span> <span class='ocrx_word' id='word_1_201' title='bbox 1093 4270 1285 4335; x_wconf 87' lang='lat' dir='ltr'>crescendo</span> <span class='ocrx_word' id='word_1_202' title='bbox 1301 4271 1412 4352; x_wconf 86' lang='lat' dir='ltr'>assai,</span> <span class='ocrx_word' id='word_1_203' title='bbox 1430 4289 1469 4335; x_wconf 89' lang='lat' dir='ltr'>se</span> <span class='ocrx_word' id='word_1_204' title='bbox 1484 4281 1590 4354; x_wconf 85' lang='lat' dir='ltr'>potes·</span> 
     </span>
    </p>
   </div>
   <div class='ocr_carea' id='block_1_5' title="bbox 365 4437 1594 4770">
    <p class='ocr_par' dir='ltr' id='par_1_8' title="bbox 365 4437 1594 4708">
     <span class='ocr_line' id='line_1_26' title="bbox 407 4437 1592 4495; baseline -0.004 -10"><span class='ocrx_word' id='word_1_205' title='bbox 407 4441 415 4475; x_wconf 88' lang='lat'><strong>¹</strong></span> <span class='ocrx_word' id='word_1_206' title='bbox 444 4440 492 4485; x_wconf 84' lang='lat' dir='ltr'>Est</span> <span class='ocrx_word' id='word_1_207' title='bbox 504 4441 599 4485; x_wconf 79' lang='lat' dir='ltr'>infolio</span> <span class='ocrx_word' id='word_1_208' title='bbox 610 4439 719 4495; x_wconf 80' lang='lat' dir='ltr'>simplici</span> <span class='ocrx_word' id='word_1_209' title='bbox 730 4452 753 4484; x_wconf 92' lang='lat' dir='ltr'>n.</span> <span class='ocrx_word' id='word_1_210' title='bbox 764 4441 812 4493; x_wconf 80' lang='lat'>266,</span> <span class='ocrx_word' id='word_1_211' title='bbox 826 4446 852 4483; x_wconf 88' lang='lat' dir='ltr'>et</span> <span class='ocrx_word' id='word_1_212' title='bbox 863 4438 972 4482; x_wconf 77' lang='lat' dir='ltr'>vr‘derur</span> <span class='ocrx_word' id='word_1_213' title='bbox 982 4449 1058 4482; x_wconf 81' lang='lat' dir='ltr'>manu</span> <span class='ocrx_word' id='word_1_214' title='bbox 1068 4439 1175 4492; x_wconf 83' lang='lat' dir='ltr'>propria</span> <span class='ocrx_word' id='word_1_215' title='bbox 1184 4439 1265 4492; x_wconf 84' lang='lat' dir='ltr'>ipsius</span> <span class='ocrx_word' id='word_1_216' title='bbox 1280 4437 1365 4483; x_wconf 76' lang='lat' dir='ltr'>Patris</span> <span class='ocrx_word' id='word_1_217' title='bbox 1377 4440 1500 4484; x_wconf 73' lang='lat' dir='ltr'>Andreae</span> <span class='ocrx_word' id='word_1_218' title='bbox 1510 4439 1592 4484; x_wconf 80' lang='lat' dir='ltr'>Frusii</span> 
     </span>
     <span class='ocr_line' id='line_1_27' title="bbox 365 4509 1593 4568; baseline -0.002 -12"><span class='ocrx_word' id='word_1_219' title='bbox 365 4517 489 4566; x_wconf 52' lang='lat' dir='ltr'>exarata</span> <span class='ocrx_word' id='word_1_220' title='bbox 501 4513 598 4568; x_wconf 73' lang='lat' dir='ltr'>quodsi</span> <span class='ocrx_word' id='word_1_221' title='bbox 609 4511 647 4556; x_wconf 70' lang='grc'>111</span> <span class='ocrx_word' id='word_1_222' title='bbox 658 4517 706 4566; x_wconf 82' lang='lat' dir='ltr'>est,</span> <span class='ocrx_word' id='word_1_223' title='bbox 721 4513 831 4555; x_wconf 81' lang='lat' dir='ltr'>multum</span> <span class='ocrx_word' id='word_1_224' title='bbox 845 4517 872 4554; x_wconf 89' lang='lat' dir='ltr'>et</span> <span class='ocrx_word' id='word_1_225' title='bbox 887 4511 951 4554; x_wconf 86' lang='lat' dir='ltr'>mire</span> <span class='ocrx_word' id='word_1_226' title='bbox 967 4509 993 4554; x_wconf 87' lang='lat' dir='ltr'>ln</span> <span class='ocrx_word' id='word_1_227' title='bbox 1008 4509 1137 4554; x_wconf 80' lang='lat' dir='ltr'>scribendi</span> <span class='ocrx_word' id='word_1_228' title='bbox 1152 4515 1209 4554; x_wconf 71' lang='lat' dir='ltr'>arte</span> <span class='ocrx_word' id='word_1_229' title='bbox 1227 4511 1317 4564; x_wconf 79' lang='lat' dir='ltr'>paucis</span> <span class='ocrx_word' id='word_1_230' title='bbox 1335 4512 1465 4556; x_wconf 76' lang='lat' dir='ltr'>mensibus</span> <span class='ocrx_word' id='word_1_231' title='bbox 1480 4511 1593 4567; x_wconf 83' lang='lat' dir='ltr'>proiecit.</span> 
     </span>
     <span class='ocr_line' id='line_1_28' title="bbox 366 4581 1594 4638; baseline -0.004 -10"><span class='ocrx_word' id='word_1_232' title='bbox 366 4594 427 4628; x_wconf 68' lang='lat' dir='ltr'>nam</span> <span class='ocrx_word' id='word_1_233' title='bbox 437 4595 502 4638; x_wconf 78' lang='lat' dir='ltr'>quae</span> <span class='ocrx_word' id='word_1_234' title='bbox 513 4584 593 4637; x_wconf 79' lang='lat' dir='ltr'>ipsius</span> <span class='ocrx_word' id='word_1_235' title='bbox 603 4589 675 4627; x_wconf 86' lang='lat' dir='ltr'>certo</span> <span class='ocrx_word' id='word_1_236' title='bbox 686 4588 745 4626; x_wconf 87' lang='lat' dir='ltr'>sunt</span> <span class='ocrx_word' id='word_1_237' title='bbox 755 4583 873 4636; x_wconf 75' lang='lat' dir='ltr'>litterae,</span> <span class='ocrx_word' id='word_1_238' title='bbox 884 4591 951 4625; x_wconf 75' lang='lat' dir='ltr'>anno</span> <span class='ocrx_word' id='word_1_239' title='bbox 963 4581 1077 4635; x_wconf 81' lang='lat' dir='ltr'>proxime</span> <span class='ocrx_word' id='word_1_240' title='bbox 1094 4581 1211 4634; x_wconf 73' lang='lat' dir='ltr'>sequenti</span> <span class='ocrx_word' id='word_1_241' title='bbox 1226 4581 1349 4636; x_wconf 71' lang='lat' dir='ltr'>scriptae.</span> <span class='ocrx_word' id='word_1_242' title='bbox 1366 4581 1506 4628; x_wconf 83' lang='lat' dir='ltr'>firmiorem</span> <span class='ocrx_word' id='word_1_243' title='bbox 1520 4585 1594 4628; x_wconf 81' lang='lat' dir='ltr'>multo</span> 
     </span>
     <span class='ocr_line' id='line_1_29' title="bbox 366 4653 899 4708; baseline -0.002 -11"><span class='ocrx_word' id='word_1_244' title='bbox 366 4660 393 4698; x_wconf 87' lang='lat' dir='ltr'>et</span> <span class='ocrx_word' id='word_1_245' title='bbox 403 4655 589 4708; x_wconf 72' lang='lat' dir='ltr'>elegantiorem</span> <span class='ocrx_word' id='word_1_246' title='bbox 600 4665 702 4698; x_wconf 80' lang='lat' dir='ltr'>manum</span> <span class='ocrx_word' id='word_1_247' title='bbox 713 4653 899 4698; x_wconf 70' lang='lat' dir='ltr'>demonstrant.</span> 
     </span>
    </p>

    <p class='ocr_par' dir='ltr' id='par_1_9' title="bbox 407 4723 688 4770">
     <span class='ocr_line' id='line_1_30' title="bbox 407 4723 688 4770; baseline 0.004 -2"><span class='ocrx_word' id='word_1_248' title='bbox 407 4725 419 4756; x_wconf 81' lang='lat'><strong>¹</strong></span> <span class='ocrx_word' id='word_1_249' title='bbox 446 4725 475 4769; x_wconf 86' lang='lat' dir='ltr'>P.</span> <span class='ocrx_word' id='word_1_250' title='bbox 486 4724 584 4770; x_wconf 71' lang='lat' dir='ltr'>Caesar</span> <span class='ocrx_word' id='word_1_251' title='bbox 595 4723 688 4770; x_wconf 82' lang='lat' dir='ltr'>Helori.</span> 
     </span>
    </p>
   </div>
   <div class='ocr_carea' id='block_1_6' title="bbox 0 0 1694 5528">
    <p class='ocr_par' dir='ltr' id='par_1_10' title="bbox 0 0 1694 5528">
     <span class='ocr_line' id='line_1_31' title="bbox 0 0 1694 5528; baseline 0 0"><span class='ocrx_word' id='word_1_252' title='bbox 0 0 1694 5528; x_wconf 95' lang='lat' dir='ltr'> </span> 
     </span>
    </p>
   </div>
  </div>
 </body>
</html>
