3400 5524
359 528 413 586 266
746 525 916 584 errnana
934 541 1204 594 ounnaruasrnes

363 673 533 751 venirent,
555 671 754 748 christiani;
775 671 884 751 pestis
906 672 1041 734 solebat
1061 670 1274 749 postliminio
1294 671 1476 734 civitatem
1498 671 1593 734 hanc

360 779 493 843 adoriri
509 795 552 842 ac
574 787 717 841 vastare
737 778 1119 856 atrocissime-,horum
1139 777 1285 840 Patrum
1307 777 1461 840 adventu
1482 778 1593 840 credi·

361 902 439 948 mus
454 885 648 965 depulsam.

420 992 487 1056 Hic
502 1009 589 1054 vero
605 992 741 1055 fructus
756 1009 828 1055 non
848 993 883 1055 in
899 1002 1022 1055 nostro
1042 992 1156 1055 solum
1178 993 1307 1071 templo
1328 991 1509 1072 provenit,
1532 991 1596 1053 sed

361 1099 405 1162 ad
420 1100 621 1178 exemplum
635 1111 796 1164 nostrum
810 1099 847 1162 in
861 1099 1023 1162 omnibus
1042 1097 1115 1162 lere
1135 1099 1294 1162 ecclesiis
1314 1097 1527 1162 confitentur
1549 1117 1592 1160 ac

361 1206 632 1284 communicant,
647 1206 677 1268 si
686 1207 911 1285 nonsingulis
921 1204 1116 1284 dominicis,
1130 1215 1226 1268 certe
1238 1204 1384 1268 infestis
1396 1205 1590 1284 primariis.

359 1310 448 1376 Sunt
458 1312 659 1393 frequentes
674 1315 860 1392 generales
875 1312 1126 1392 consessiones
1141 1313 1176 1376 in
1192 1312 1319 1394 quibus
1335 1327 1512 1376 summunt
1524 1309 1596 1374 iru-

360 1429 456 1482 ctum
469 1419 683 1500 experimur,
697 1419 745 1482 ita
761 1428 798 1482 ut
814 1420 874 1483 vix
889 1420 996 1482 bomo
1012 1419 1105 1482 idem
1119 1426 1337 1498 agnoscatur
1351 1427 1433 1498 post
1444 1433 1597 1497 genera-

360 1529 428 1590 lem
443 1525 699 1589 consessionem
715 1534 749 1589 et
763 1542 897 1606 paucas
909 1526 1186 1590 communiones,
1200 1525 1301 1589 Adeo
1312 1533 1408 1588 totus
1420 1525 1511 1588 alius
1526 1535 1593 1587 est.

360 1633 465 1697 Faxit
480 1632 643 1696 Christus
657 1642 695 1695 ut
709 1634 828 1714 plures
850 1632 1042 1697 habeamus
1062 1633 1244 1712 operarios
1260 1631 1500 1711 confessores;
1517 1648 1596 1711 spe-

361 1756 481 1804 ramus
494 1739 570 1803 fore
585 1749 708 1803 utnon
723 1740 769 1804 ad
782 1739 843 1804 300
857 1749 995 1804 tantum
1009 1756 1177 1804 numerus
1195 1747 1382 1803 excrescat
1401 1741 1598 1802 communi·

360 1848 531 1926 cantium,
548 1847 608 1927 qui
622 1863 789 1910 numerus
803 1846 870 1910 suit
884 1846 940 1909 bis
954 1845 1150 1925 NatalitiiS,
1166 1845 1278 1926 major
1293 1855 1390 1909 certe
1406 1861 1514 1926 quam
1530 1863 1598 1926 pro

360 1971 506 2017 numero
521 1954 761 2032 sacerdotum,
778 1953 837 2033 qui
851 1954 909 2017 hic
922 1953 942 2015 4
957 1963 1095 2017 tantum
1108 1971 1244 2029 sumuS,
1268 1952 1330 2016 sed
1350 1952 1598 2015 incredibilem

359 2061 549 2142 quamdam
575 2077 760 2140 speramus
782 2061 921 2141 copiam
946 2077 989 2123 ac
1009 2059 1288 2139 magnitudinem
1308 2057 1538 2138 benignitatis
1559 2071 1596 2121 et

359 2167 497 2246 gratiae
512 2164 655 2230 Domini
670 2167 707 2230 in
720 2167 787 2229 hac
803 2167 959 2230 civitate.
976 2166 1075 2230 Haec
1090 2166 1163 2230 fere
1182 2175 1263 2229 sunt
1282 2182 1375 2245 quae
1396 2165 1439 2229 de
1462 2165 1594 2227 benefi-

359 2275 424 2336 ciis
450 2273 591 2337 Domini
616 2274 652 2336 in
678 2272 746 2336 bac
766 2274 1045 2354 congregatione
1067 2272 1218 2336 dicenda
1239 2281 1467 2336 succurrunt:
1497 2289 1594 2334 nunc

360 2397 446 2444 vero
461 2381 629 2443 nonnulla
645 2379 819 2458 attingam
834 2397 936 2460 quae,
952 2379 1019 2442 etsi
1028 2379 1065 2442 in
1076 2379 1318 2460 superioribus
1331 2379 1596 2454 contineantur,

360 2495 479 2549 tamen
499 2487 704 2549 nominatim
730 2495 1007 2549 commemorata
1028 2484 1197 2565 majorem
1217 2486 1254 2548 in
1273 2485 1417 2548 modum
1436 2485 1597 2548 animum

362 2593 408 2656 ad
422 2593 489 2655 Dei
503 2593 656 2672 gloriam
671 2593 823 2671 erigunt.

421 2699 483 2762 Est
498 2699 555 2762 vir
574 2700 718 2779 quidam
736 2699 878 2778 nobilis,
901 2699 960 2779 qui
978 2698 1051 2780 jnm
1071 2699 1112 2762 20
1132 2699 1206 2762 fere
1226 2717 1339 2763 annos
1358 2698 1595 2763 concubinam

361 2807 456 2869 dorni
479 2806 653 2870 babuerat
671 2807 828 2886 impune,
853 2805 1027 2869 obstinate
1041 2815 1147 2887 atque
1162 2805 1251 2870 adeo
1266 2802 1402 2876 abiecte
1416 2805 1591 2885 perditus;

360 2914 419 2976 bic
434 2912 500 2976 Dei
515 2913 633 2992 gratia
646 2914 798 2994 primum
812 2923 865 2976 est
880 2930 923 2976 eo
937 2913 1145 2993 perductus,
1161 2923 1199 2977 ut
1215 2914 1311 2977 illam
1326 2929 1474 2976 uxorem
1489 2911 1594 2976 duce-

360 3028 425 3100 ret,
438 3019 564 3082 debinc
580 3021 626 3082 ad
640 3021 843 3099 generalem
858 3019 1127 3099 confessionem;
1140 3037 1234 3083 nunc
1248 3019 1452 3099 frequenter
1463 3027 1499 3081 et
1511 3037 1595 3082 con-

360 3126 476 3189 fitetur
491 3136 526 3188 et
540 3127 789 3206 communicat,
803 3136 898 3190 totus
912 3136 951 3190 et.
961 3127 1070 3190 animi
1085 3136 1118 3190 et
1134 3127 1253 3190 vultus
1269 3126 1447 3189 hilaritate
1461 3142 1593 3190 novus.

358 3234 387 3296 E
402 3231 545 3313 plebeiis
560 3243 745 3312 praeterea
759 3232 780 3294 4
794 3233 1037 3297 concubinarii
1050 3233 1071 3295 8
1085 3249 1269 3312 annorum,
1286 3251 1378 3297 unus
1395 3232 1447 3312 12,
1465 3234 1596 3296 mulier

361 3355 431 3402 una
446 3339 641 3402 concubina
657 3340 855 3404 sacerdotis
872 3341 1117 3420 isaurorum
1134 3358 1257 3404 omnes
1268 3340 1319 3419 hi,
1341 3340 1487 3420 depulso
1506 3338 1596 3419 iugo

361 3444 552 3526 Satbanae,
566 3447 611 3511 ad
625 3447 781 3510 melioris
793 3447 888 3510 vitae
903 3446 1042 3526 frugem
1057 3447 1178 3511 divino
1194 3447 1325 3511 auxilio
1343 3446 1479 3510 redacti
1496 3457 1592 3510 sunt.

360 3553 549 3617 Praeterea
564 3570 644 3616 cum
659 3553 789 3633 alioqui
803 3553 1005 3634 frequentes
1018 3553 1166 3617 veniant
1178 3554 1223 3617 ad
1235 3553 1505 3630 consessionem,
1519 3551 1596 3634 iarn

362 3678 383 3722 a
398 3661 516 3723 multis
531 3661 644 3740 annis,
657 3661 770 3724 variis
781 3647 1218 3724 diaboli'rnacbinamentis
1229 3679 1300 3723 non
1312 3659 1477 3739 confessi,
1490 3661 1527 3723 in
1539 3661 1598 3723 his

361 3775 482 3829 tamen
500 3777 573 3829 tres
593 3768 761 3831 eximiam
781 3766 925 3831 Domini
944 3769 1098 3847 gratiam
1119 3776 1200 3831 sunt
1218 3769 1368 3848 experti.
1390 3767 1508 3844 Unus,
1534 3770 1597 3848 qui

362 3883 434 3935 tres
450 3881 510 3935 aut
524 3872 545 3933 4
559 3890 682 3953 annos,
698 3872 871 3937 daemone
883 3875 1017 3954 plenus,
1031 3892 1095 3955 per
1107 3874 1269 3939 diversas
1280 3874 1445 3953 regiones
1458 3877 1598 3954 quaesi·

361 3979 414 4040 vit
427 3979 619 4055 inimicum,
635 3988 673 4042 ut
687 3997 810 4044 necem
824 3980 945 4044 fratris
959 3981 995 4044 in
1011 3981 1103 4044 illius
1114 3981 1224 4044 caede
1234 3981 1476 4044 ulcisceretur.
1492 3979 1600 4044 Alius

363 4096 456 4150 totos
480 4103 594 4149 annos
617 4087 653 4148 15
672 4089 832 4151 exercuit
852 4088 1024 4168 capitales
1043 4087 1256 4152 inimicitias.
1278 4089 1418 4152 Tertius
1441 4096 1535 4152 totos
1557 4089 1601 4151 30

363 4210 476 4256 annos
495 4209 677 4273 nunquam
698 4194 778 4272 (nisi
799 4195 919 4269 semel)
940 4193 1124 4258 consessus
1145 4194 1272 4258 fuerat.
1298 4195 1429 4276 Magna
1449 4195 1600 4275 spiritus

363 4309 416 4362 est
431 4299 600 4362 exultatio
615 4300 652 4363 in
672 4299 737 4362 X.⁰
754 4299 840 4382 Jesu
854 4309 928 4364 tam
942 4302 1071 4364 multas
1086 4301 1208 4365 videre
1222 4302 1441 4365 miserrimas
1456 4301 1600 4366 animas

364 4415 437 4468 tam
458 4415 579 4485 aperte
605 4424 626 4470 a
650 4406 817 4471 draconis
841 4408 1001 4472 saucibus
1022 4407 1175 4471 liberari.
1199 4408 1361 4489 Quinque
1379 4407 1540 4488 virgines
1561 4409 1600 4472 in

363 4513 580 4577 monasteria
593 4514 774 4594 virginum
794 4514 977 4594 ingressae
992 4525 1089 4595 sunt,
1106 4513 1171 4578 X.⁰
1183 4514 1269 4597 Jesu
1283 4531 1414 4594 sponso
1436 4532 1540 4579 suam
1562 4529 1600 4582 et

366 4619 605 4699 virginitatem
619 4630 653 4684 et
668 4621 779 4685 vitam
793 4620 972 4687 devovere
986 4631 1234 4703 proponentes.
1250 4623 1290 4686 In
1304 4622 1371 4702 his,
1385 4624 1598 4703 cumgratia

365 4726 518 4797 Domini.
530 4728 744 4792 adhibetura
757 4727 858 4792 nobis
866 4745 996 4808 magna
1009 4728 1153 4809 spiritus
1164 4729 1391 4808 examinatio,
1405 4737 1601 4810 antequam
