3462 5534
345 527 424 600 682⁸
646 585 652 598 ,
729 539 903 598 Ltrruaau
921 553 1191 607 ouaoaransraus

346 686 458 766 gister
479 683 669 763 Quintinus
682 682 820 748 Sarlart
842 683 863 764 ⁸,
885 702 965 749 cum
983 685 1179 749 eruditione
1198 693 1271 750 tum
1290 685 1421 766 pietate
1440 687 1586 766 compi«

346 808 446 869 cous,
464 792 587 872 ignoto
602 791 719 855 adhuc
733 790 806 856 S.¹¹¹¹
820 791 905 873 Jesu
919 792 1149 856 contubernio
1163 809 1202 856 se
1217 790 1388 872 adjunxit,
1405 793 1466 873 qui
1480 802 1587 856 ortos

346 900 510 981 equidem
525 899 709 979 tumultus,
722 896 796 977 jam
806 898 1015 978 degustatus
1029 898 1214 977 exercitia,
1228 897 1363 962 minimi
1377 897 1480 978 fecit3
1496 900 1584 980 quid

347 1006 450 1070 dico?
464 1007 572 1070 immo
587 1005 745 1070 maximi.
761 1005 851 1070 Nam
867 1006 1138 1070 candidissimus
1153 1007 1320 1085 omnium,
1336 1005 1483 1070 solertia
1497 1023 1582 1086 qua-

348 1113 447 1193 dam,
475 1129 583 1194 quam
607 1131 673 1193 ope
697 1113 812 1176 solum
833 1112 942 1177 solius
961 1113 1105 1194 spiritus
1124 1113 1271 1177 edoctus
1294 1121 1387 1192 erat,
1410 1113 1585 1193 quidquid

348 1221 558 1300 contingere
572 1219 701 1299 potuit,
717 1219 754 1282 in
772 1236 876 1283 usum
894 1235 996 1284 suum
1015 1219 1245 1283 saluberrime
1265 1222 1462 1299 convertit,
1487 1221 1585 1286 omni

346 1327 515 1390 nimirum
528 1326 634 1389 modo
645 1334 849 1390 contestans
860 1344 898 1389 se
909 1327 1075 1408 nonJesu
1087 1336 1224 1390 tantum
1235 1327 1298 1390 sed
1308 1337 1344 1390 et
1354 1327 1474 1391 crucis
1486 1343 1586 1392 ama«

348 1444 474 1498 torem.

408 1541 468 1604 Ad
482 1557 538 1604 me
554 1540 721 1620 devenio,
737 1542 811 1621 qui,
829 1540 1121 1605 incarcerationis
1135 1541 1192 1604 die
1206 1540 1390 1604 consessus
1411 1540 1583 1604 Euchari-

349 1649 508 1727 stiaeque
524 1656 748 1711 sacramento
763 1648 1030 1726 corroboratuS,
1045 1647 1236 1711 Falconem
1250 1646 1263 1678 ¹
1285 1648 1470 1727 ingressus
1490 1665 1583 1726 sum,

349 1755 498 1834 locoque
515 1761 743 1835 temporeque
764 1755 905 1818 statutis
925 1771 1006 1818 cum
1027 1754 1106 1817 aliis
1123 1753 1412 1835 praeceptoribus
1433 1770 1586 1833 pransu*

348 1876 425 1940 ruS,
444 1878 566 1924 coram
579 1860 719 1941 quibus,
736 1861 857 1925 audita
872 1879 963 1943 quae
978 1861 1150 1941 agebatur
1164 1860 1284 1924 fabula
1299 1859 1416 1923 Patris
1430 1860 1586 1926 Adriani

350 1976 385 2032 et
399 1965 587 2048 RegentiS,
604 1985 685 2031 cum
700 1967 791 2032 inter
804 1984 884 2031 sese
899 1967 1128 2031 contulissent
1142 1983 1287 2046 causas,
1305 1975 1430 2030 contra
1444 1965 1582 2048 Regen-

349 2083 421 2138 tem
436 2074 726 2155 suffragabantur
740 2074 858 2153 nobis,
874 2071 1171 2154 Paedagogioque
1185 2091 1369 2154 magnam,
1387 2073 1432 2136 ob
1446 2073 1515 2136 hoc
1535 2073 1585 2136 ia-

350 2182 501 2260 cinoris,
518 2180 672 2260 cladem,
687 2190 829 2262 praeter
844 2196 1019 2244 summum
1033 2180 1202 2259 dedecus,
1218 2180 1401 2244 imminere
1413 2178 1583 2243 sormida-

350 2287 447 2351 bant.
465 2285 535 2352 Sed
549 2287 644 2368 quod
658 2289 872 2352 verebantur
885 2287 984 2351 Deus
998 2297 1148 2352 avertat.
1166 2287 1345 2367 Quantum
1358 2287 1446 2350 mihi
1467 2286 1582 2367 proie-

351 2395 440 2458 cerit
455 2395 515 2457 illa
530 2403 734 2476 tempestas,
747 2395 868 2458 verbis
882 2395 1051 2474 consequi
1064 2395 1258 2475 nequirem.
1271 2393 1354 2457 Fuit
1367 2395 1461 2458 enim
1475 2396 1582 2458 unica

350 2500 424 2564 iere
439 2517 565 2580 causa,
582 2519 673 2582 quae
687 2502 734 2565 ad
748 2501 865 2566 studia
879 2499 1066 2566 Societatis
1080 2518 1136 2564 me
1151 2500 1320 2581 compulit
1334 2518 1406 2564 non
1420 2501 1582 2566 dubitan-

350 2617 422 2671 tem
443 2624 523 2686 eoS,
550 2608 611 2688 qui
630 2596 687 2670 hic
706 2608 1014 2689 persequutionem
1032 2608 1213 2688 patiuntur
1230 2616 1377 2688 propter
1394 2605 1578 2688 justitiam,

349 2713 490 2778 futuros
505 2715 589 2778 olim
609 2715 713 2794 regni
730 2723 914 2780 consortes
932 2731 975 2778 ac
994 2731 1080 2796 prae
1099 2715 1249 2778 caeteris
1268 2701 1458 2794 gloribsos.
1483 2714 1583 2778 Post-

350 2838 458 2900 quam
472 2830 591 2885 autem
606 2838 662 2885 me
676 2819 846 2886 fratribus
861 2819 1065 2902 adjunctum
1078 2838 1201 2885 rumor
1213 2821 1387 2902 vulgavit,
1403 2839 1490 2886 usus
1505 2821 1581 2886 Col-

349 2929 433 3008 iegii
448 2928 644 3008 denegatus
659 2937 714 2992 est
727 2929 840 2992 nobis.
857 2928 1045 2994 Caeterum
1059 2927 1195 2992 Doctor
1209 2929 1353 3009 quidam
1367 2929 1579 3014 theologiae,

350 3044 474 3099 nostro
489 3035 646 3116 nomine,
669 3033 858 3100 Rectorem
878 3034 1043 3114 collegii,
1065 3053 1087 3098 a
1108 3034 1198 3098 Lilio
1220 3035 1454 3114 denominati,
1476 3053 1583 3117 super

350 3143 473 3206 haere
489 3143 647 3222 contulit,
664 3142 725 3223 qui
740 3140 883 3205 tandem
895 3159 967 3204 non
981 3142 1097 3205 solum
1110 3142 1245 3205 aditum
1260 3141 1451 3221 concessit,
1468 3141 1532 3206 sed
1546 3152 1581 3207 et

349 3249 466 3328 ipsum
481 3249 639 3313 funditus
653 3248 850 3328 Collegium
863 3249 1005 3327 obtulit,
1022 3249 1159 3312 duabus
1173 3249 1267 3312 areis
1282 3247 1382 3312 obice
1403 3257 1510 3330 porta
1530 3249 1582 3312 di-

350 3356 518 3419 stinctum
535 3373 579 3419 ac
593 3358 692 3419 velut
707 3355 852 3436 duplex,
871 3353 971 3435 cujus
984 3355 1134 3418 alteram
1154 3364 1293 3435 partem
1315 3354 1468 3419 fratrum
1487 3355 1582 3420 habi·

350 3463 490 3542 tationi,
507 3464 657 3526 alteram
668 3460 858 3542 juventuti,
876 3461 1080 3533 eorumdem
1095 3461 1225 3525 iudicio
1239 3461 1509 3542 gubernandae,
1526 3462 1585 3526 de-

349 3569 510 3649 putabat.
1510 3625 1513 3630 .

409 3674 513 3740 Alius
542 3674 685 3757 quidam
712 3692 838 3740 sacrae
865 3675 1065 3756 theologiae
1093 3674 1329 3755 Licentiatus,
1359 3674 1586 3742 cancellario

352 3782 534 3863 quondam
559 3782 755 3863 convictor,
781 3781 967 3863 magnifice
991 3782 1186 3863 pollicetur,
1209 3782 1397 3863 impetrata
1421 3782 1584 3864 erigendi

350 3888 501 3969 Collegii
514 3889 693 3969 facultate,
710 3907 749 3953 se
763 3899 901 3954 tantum
914 3906 1114 3954 annuorum
1127 3889 1304 3954 redituum
1317 3888 1354 3952 in
1367 3887 1585 3958 Societatem

349 3997 563 4060 collaturum
578 4005 749 4078 quantum
768 3997 921 4078 quinque
938 4013 1048 4060 sexve
1070 3996 1239 4060 iratribus
1259 3997 1500 4060 sustentandis
1521 3999 1583 4061 ho·

350 4201 564 4220 ὴ

390 4337 400 4370 ⁴
432 4336 474 4382 Sic
486 4337 566 4382 nitide
584 4341 611 4380 et
625 4335 758 4391 perspicue
773 4335 911 4379 admodum
921 4339 974 4378 tum
983 4333 1162 4388 autographae
1173 4333 1270 4391 Sylvii,
1280 4337 1336 4378 tum
1350 4335 1528 4390 apographa,
1539 4335 1581 4379 lit·

351 4413 434 4452 terae.
446 4407 527 4452 hiirae
537 4418 600 4451 vere
610 4413 669 4451 aunt
680 4407 706 4451 in
715 4407 757 4450 his
766 4405 949 4460 monumentis,
959 4411 986 4448 et
996 4405 1076 4450 etiam
1085 4405 1111 4450 ln
1121 4405 1198 4450 editio
1210 4405 1297 4460 libris,
1307 4407 1489 4460 cognominum
1498 4413 1583 4450 muta-

350 4477 436 4524 tiones
446 4486 472 4524 et
483 4479 557 4534 quari
567 4479 795 4533 metamorphosea.
805 4475 874 4531 iioc,
885 4477 951 4532 quod
959 4477 1074 4532 plerique
1085 4483 1204 4521 auctores
1214 4477 1330 4521 scribunt
1340 4475 1480 4528 chariori,
1490 4480 1524 4521 ab
1534 4479 1581 4522 hoe

350 4549 456 4606 sylvio,
475 4551 515 4594 cul
533 4551 596 4594 beue
613 4555 689 4594 notua
702 4555 761 4594 erat
769 4549 913 4603 Quintium,
923 4549 1046 4594 scribitur
1056 4547 1181 4602 Sarlarl,·
1195 4560 1212 4593 a
1222 4547 1375 4605 Patriguaul
1387 4550 1414 4594 iu
1423 4549 1581 4604 ueneratio.

350 4620 489 4676 Clarium
499 4621 631 4666 latinitate
640 4625 744 4676 postea,
760 4626 789 4664 ut
806 4619 885 4665 moria
901 4625 971 4676 erat,
989 4620 1112 4665 donatum
1126 4627 1152 4664 et
1168 4621 1195 4665 in
1210 4621 1346 4676 hispanum
1356 4623 1581 4676 eonvemumdtac

350 4693 458 4738 taudem
468 4694 552 4738 forma
561 4693 629 4747 apud
639 4691 817 4746 Nmuusuao,
833 4691 951 4736 Varones
961 4692 1080 4745 ilustres,
1089 4693 1185 4748 prodit:
1197 4692 1310 4738 carzeto.

391 4765 402 4796 Ι
436 4763 577 4820 Collegium
587 4775 633 4809 seu
641 4763 829 4820 paedagogium
839 4762 967 4808 Falconis.
