3390 5536
388 557 444 616 508
776 561 952 622 Lrnrsnas
970 580 1239 628 bunuariissraes

453 705 566 769 Movit
582 707 726 787 insuper
740 708 915 773 Dominus
930 727 994 775 cor
1007 710 1112 792 primi
1126 721 1161 774 et
1175 711 1370 775 doctissimi
1384 712 1492 775 totius
1505 712 1606 775 dictae

389 813 549 890 scholae,
567 816 627 895 qui
643 815 749 878 etiam
763 826 850 881 voto
866 835 904 880 se
919 818 1020 881 nobis
1035 816 1207 898 adjunxit.

452 919 515 984 Est
536 929 570 984 et
590 922 718 986 nobilis
737 923 896 1004 quidam,
917 925 1024 988 etiam
1043 926 1132 988 bene
1150 923 1277 989 doctus
1296 935 1331 989 et
1348 926 1444 1006 pius,
1466 926 1605 1006 ejusden

389 1027 553 1106 scholae,
581 1028 715 1091 habens
741 1031 1045 1111 opulentissimum
1069 1032 1337 1111 canonicatum,
1365 1033 1427 1113 qui
1452 1034 1605 1095 etiamst

391 1133 494 1196 nobis
509 1134 682 1215 adjunxit.

453 1240 498 1304 Et
513 1244 596 1322 quia
613 1245 802 1308 occasione
817 1247 944 1310 horum
958 1245 1107 1310 duorum
1121 1248 1356 1327 posteriorum
1370 1247 1494 1311 variae
1513 1249 1606 1311 tribu-

391 1349 544 1412 lationes
558 1367 751 1430 exsurgere
767 1362 957 1432 coeperant
972 1353 1017 1415 ab
1032 1353 1237 1417 eorumdem
1257 1355 1463 1434 parentibus
1482 1363 1515 1418 et
1534 1356 1604 1417 ami-

389 1455 442 1518 cis
458 1465 528 1519 eta
545 1455 704 1535 Regente
720 1455 877 1537 ejusdem
891 1458 1050 1538 scholae,
1067 1469 1171 1540 prout
1191 1477 1274 1523 cum
1291 1461 1415 1524 ultimo
1434 1463 1606 1524 veredario

392 1565 529 1643 prolixe
545 1565 690 1643 scripsi,
714 1566 829 1628 coacti
849 1564 979 1629 luimus
998 1565 1063 1630 hos
1082 1565 1171 1629 duos
1190 1584 1271 1631 cum
1290 1568 1385 1632 dicto
1404 1567 1558 1633 Arnoldo
1578 1581 1604 1630 ct

395 1669 553 1751 Rugerio
568 1671 707 1734 mittere
723 1671 924 1752 Coloniam,
940 1690 1009 1753 quo
1025 1673 1153 1737 ibidem
1167 1674 1283 1755 quiete
1297 1677 1434 1756 possint
1452 1675 1606 1756 perficere

390 1779 509 1842 studia
523 1794 599 1841 sua.

449 1885 548 1950 Inter
562 1887 632 1949 hoc
654 1885 814 1949 dedimus
834 1887 1004 1950 exercitia
1025 1886 1165 1952 cuidam
1183 1888 1363 1953 licentiato
1382 1907 1506 1953 sacrae
1523 1891 1604 1952 theo·

391 1994 525 2073 logias,
541 1994 623 2056 viro
644 1993 931 2073 quadragenario
951 2003 985 2056 et
1005 1994 1108 2058 valde
1129 1995 1351 2060 aedificativo
1369 1997 1405 2060 in
1425 1997 1518 2060 omni
1535 2014 1603 2058 con·

390 2101 593 2165 versatione
604 2117 682 2180 sua,
694 2102 929 2180 eleemosynis
941 2119 983 2164 ac
995 2101 1074 2164 aliis
1084 2103 1152 2182 piis
1167 2103 1342 2182 operibus,
1356 2114 1410 2166 est
1425 2103 1517 2166 enim
1529 2103 1604 2164 satis

391 2209 493 2272 dives
507 2216 542 2271 et
557 2207 751 2271 canonicus
765 2206 1017 2285 Tornacensis‚
1038 2207 1167 2272 dedito.
1185 2209 1228 2272 Et
1243 2209 1300 2272 hic
1316 2227 1454 2291 quoque
1474 2219 1554 2272 voto
1573 2227 1603 2270 se

390 2314 560 2379 Societati
574 2313 709 2378 addixit
725 2313 745 2377 ¹.

452 2419 590 2485 suntet
605 2421 665 2484 alii
679 2420 749 2483 duo
764 2419 920 2500 ejusdem
935 2421 1042 2486 studii
1054 2441 1134 2487 cum
1148 2423 1338 2504 praedictis
1356 2423 1539 2500 fratribu5‚
1555 2423 1602 2501 qui

389 2547 410 2592 a
426 2528 551 2609 paucis
573 2526 851 2592 hebdomadibus
871 2528 1018 2592 firmiter
1036 2538 1235 2594 statuerunt
1255 2530 1368 2594 dictos
1386 2530 1514 2594 fratres
1535 2531 1603 2592 hinc

389 2635 518 2698 missos
534 2634 635 2714 sequi
649 2642 683 2697 et
698 2651 737 2697 se
757 2633 925 2698 Societati
945 2633 1154 2716 adjungere;
1176 2635 1364 2715 diligenter
1386 2637 1603 2700 observantur

388 2743 435 2806 ab
451 2740 669 2805 adversariis
684 2749 718 2803 et
734 2757 857 2804 eorum
871 2759 992 2805 curam
1008 2742 1211 2821 gerentibus
1229 2760 1273 2805 ne
1291 2742 1361 2805 hoc
1383 2750 1532 2820 tentent;
1553 2739 1603 2802 sed

386 2866 463 2913 non
478 2857 532 2912 est
547 2848 734 2912 consilium
749 2856 874 2911 contra
888 2847 1095 2928 Dominum;
1111 2850 1227 2930 prima
1242 2850 1431 2912 occasione
1447 2859 1480 2912 et
1495 2864 1603 2928 oppor-

386 2957 538 3020 tunitate
563 2957 763 3018 clanculum
786 2955 831 3017 ad
849 2954 979 3017 fratres
998 2956 1120 3034 fugere
1143 2954 1338 3019 intendunt.
1358 2955 1447 3020 Sunt
1466 2965 1499 3018 et
1517 2955 1550 3017 hi
1567 2971 1602 3014 ex

387 3063 615 3126 doctioribus
631 3071 665 3124 et
680 3061 882 3142 praecipuis
897 3061 1014 3124 dictae
1027 3062 1182 3125 scholae.

451 3169 588 3232 Damus
604 3166 710 3231 modo
725 3168 897 3231 exercitia
909 3168 1049 3231 cuidam
1063 3167 1221 3248 eJusdem
1234 3185 1324 3248 pene
1338 3170 1446 3233 studii
1461 3169 1520 3232 sed
1533 3167 1602 3228 alte·

386 3277 462 3341 rius
477 3276 625 3339 scholae
637 3274 774 3355 juveni,
791 3275 852 3354 qui
866 3274 974 3338 etiam
988 3293 1026 3338 se
1040 3275 1141 3338 nobis
1156 3273 1349 3355 adjungere
1366 3277 1478 3356 cupit,
1498 3284 1603 3352 estque

385 3383 492 3446 valde
509 3381 755 3446 aedificativus
769 3389 804 3444 et
816 3381 977 3461 placidus
987 3379 1139 3461 juvenis,

447 3489 510 3552 Est
531 3498 567 3550 et
590 3487 734 3568 quidam
753 3487 898 3551 natione
919 3486 1068 3567 Sardus
1089 3486 1246 3567 ejusdem
1262 3506 1352 3569 pene
1371 3489 1490 3566 studii,
1513 3488 1602 3550 etiam

387 3596 494 3658 valde
509 3595 768 3670 aedificativus‚
782 3595 904 3658 firmus
919 3603 954 3657 et
964 3592 1107 3657 fervens
1120 3595 1158 3658 in
1168 3595 1332 3675 Domin0,
1346 3596 1407 3675 qui
1417 3597 1521 3658 etiam
1532 3601 1601 3654 voto

388 3710 424 3765 et
441 3701 664 3765 habitatione
680 3717 718 3764 se
734 3701 835 3764 nobis
850 3699 1025 3781 adjunxit;
1042 3709 1077 3764 et
1092 3699 1150 3764 hic
1164 3702 1209 3764 ab
1224 3700 1371 3765 infantia
1386 3701 1511 3782 ubique
1525 3703 1600 3762 loco·

390 3825 469 3873 rum
485 3809 577 3871 solet
593 3809 685 3870 male
700 3807 843 3884 habere,
858 3809 1026 3887 languere
1038 3817 1071 3871 et
1084 3808 1136 3871 uti
1149 3807 1260 3872 variis
1274 3807 1492 3872 medicorum
1505 3805 1601 3870 consi-

384 3916 454 3996 liis;
469 3924 663 3996 postquam
678 3931 766 3978 vero
780 3915 882 3994 plene
897 3923 932 3977 et
942 3913 1010 3976 fide
1025 3932 1064 3978 se
1078 3915 1181 3978 nobis
1195 3914 1366 3995 adjunxit,
1377 3916 1464 3979 nibil
1478 3911 1601 3978 omnino

386 4024 518 4086 horum
534 4037 661 4103 passus
676 4031 745 4097 est,
763 4038 829 4084 nec
844 4018 991 4100 alicujus
1005 4021 1132 4084 medici
1153 4022 1349 4102 corporalis
1369 4023 1513 4086 consilio
1531 4033 1601 4081 usus

386 4137 439 4192 est
455 4147 522 4192 nec
539 4131 610 4192 ulla
625 4127 799 4208 singulari
813 4128 975 4209 portione
994 4125 1006 4157 ’
1025 4137 1086 4191 aut
1104 4129 1282 4208 corporali
1301 4128 1529 4191 subventione
1550 4123 1598 4186 ali·
1680 4199 1681 4202 Ἴ

384 4253 467 4316 qua.
485 4236 529 4299 Et
547 4244 679 4314 tamen,
693 4235 846 4299 Domino
861 4234 1087 4314 concedente,
1105 4235 1230 4298 melius
1243 4235 1414 4316 paulatim
1431 4234 1539 4316 coepit
1552 4232 1600 4294 lra-

386 4343 469 4406 bere
489 4351 525 4404 et
540 4342 657 4406 adhuc
672 4342 797 4406 melius
811 4342 917 4405 habet
936 4358 1042 4422 quam
1064 4351 1138 4405 toto
1156 4351 1315 4422 tempore
1335 4342 1433 4406 vitae
1452 4343 1562 4422 elapso
1578 4333 1595 4396 ⁸.

386 4447 600 4512 Benedictus
615 4448 791 4513 Dominus
804 4448 840 4512 in
856 4449 1028 4512 omnibus.

427 4581 436 4615 ¹
471 4582 607 4635 Quintlnus
617 4582 754 4638 Chariart,
765 4583 796 4627 de
806 4594 855 4638 quo
865 4594 952 4638 supra.

423 4655 436 4687 ¹
466 4654 580 4699 Vocibus
591 4654 648 4698 ulla
660 4657 793 4709 portione,
803 4667 912 4711 quarum
922 4667 1023 4700 mnium
1033 4657 1077 4700 le
1091 4663 1136 4700 aut
1153 4667 1184 4700 ne
1200 4657 1246 4701 le
1256 4656 1359 4711 quidem
1373 4657 1391 4701 ll
1407 4661 1524 4712 caperent
1535 4651 1570 4706 qui
1580 4649 1599 4690 iu

383 4726 509 4769 domnum
521 4727 702 4779 religiosarum
712 4728 799 4770 nslbus
809 4738 859 4770 non
868 4728 920 4771 slnt
927 4726 1035 4780 versati,
1045 4727 1179 4774 substltult
1191 4727 1317 4772 Polaticus
1328 4727 1383 4771 ullo
1392 4729 1455 4772 cibo.

424 4797 436 4828 ⁸
471 4795 561 4841 Sermo
571 4803 610 4841 est
621 4797 651 4840 de
662 4796 741 4841 Petro
752 4797 858 4852 Spiglia.
