3378 5530
376 530 432 587 412
761 529 933 588 erraaaa
952 545 1224 596 Quaounrasraas

376 693 397 735 a
417 674 580 736 saucibus
605 673 787 737 daemonis
812 674 950 737 animas
970 673 1114 754 eripuit;
1136 675 1228 736 inter
1246 674 1335 736 alios
1360 672 1426 736 suit
1449 674 1606 754 quidam,

376 781 452 860 qui,
475 798 553 843 cum
577 781 613 844 in
632 790 775 860 gutture
795 781 924 845 vulnus
945 782 1156 862 accepisset,
1178 782 1424 862 quamvisper
1450 783 1607 844 vulneris

376 888 570 968 spiramina
584 888 741 950 sibilaret
756 889 958 968 eisdemque
977 898 1138 968 sumptus
1159 889 1258 951 cibus
1277 889 1489 966 elaberetur,
1512 891 1607 951 nullo

375 995 490 1074 modo,
507 1003 545 1058 ut
560 995 703 1058 inimico
716 994 886 1059 offensam
897 997 1126 1073 condonaret,
1143 995 1350 1076 persuaderi
1365 1003 1523 1074 poterat.
1541 995 1607 1058 Ve-

375 1119 454 1164 rum
469 1100 567 1164 illum
581 1101 740 1165 invisens
755 1111 790 1164 et
804 1102 851 1164 ad
865 1102 1124 1165 confessionem
1138 1102 1296 1165 alliciens
1318 1099 1354 1163 P.
1379 1101 1605 1175 Paschasius,

375 1207 450 1287 eJus
475 1209 630 1272 animam
654 1208 796 1272 Christo
821 1225 884 1289 per
910 1209 1021 1288 ipsius
1045 1209 1199 1288 gratiam
1221 1209 1421 1288 acquisivit.
1451 1209 1604 1288 Quidam

374 1315 465 1377 alius
478 1313 657 1393 sacerdos
671 1332 752 1377 cum
764 1315 808 1378 ob
821 1326 1051 1395 peccatorum
1062 1313 1266 1394 congeriem
1278 1315 1321 1377 de
1333 1316 1480 1394 propria
1493 1317 1605 1378 salute

373 1423 596 1501 desperaret,
612 1422 724 1502 deque
738 1421 807 1485 Dei
822 1422 1066 1485 misericordia
1082 1439 1192 1501 usque
1209 1420 1298 1484 adeo
1313 1420 1509 1501 diffideret,
1532 1434 1570 1484 ut
1586 1444 1604 1484 a

373 1529 491 1592 multis
506 1529 541 1592 id
561 1529 776 1592 tentantibus
796 1530 831 1592 in
850 1545 951 1610 spem
970 1530 1061 1608 erigi
1080 1547 1153 1591 non
1174 1529 1345 1608 potuerit,
1369 1528 1605 1593 invisentibus

372 1653 454 1699 eum
467 1634 649 1711 Patribus,
666 1635 789 1700 divino
805 1635 930 1699 favore
950 1636 1099 1716 resipuit
1120 1653 1162 1698 ac
1185 1653 1318 1716 paucos
1333 1646 1413 1715 post
1434 1635 1513 1698 dies
1532 1638 1604 1698 ani-

373 1759 469 1806 mam
481 1742 624 1806 efflavit.

433 1848 490 1912 Ad
505 1850 746 1913 consessiones
761 1867 891 1930 magno
906 1866 1053 1912 numero
1068 1858 1102 1912 et
1115 1849 1301 1912 devotione
1313 1848 1551 1926 concurritur,
1569 1861 1602 1909 et

374 1957 553 2034 intereos,
571 1958 630 2038 qui
650 1959 774 2020 crebro
794 1957 920 2020 adeas
940 1975 982 2019 ac
1002 1957 1265 2020 sanctissimum
1279 1956 1529 2020 Eucharistiae
1550 1975 1602 2018 sa-

374 2074 593 2126 cramentum
614 2065 802 2142 accedunt,
824 2064 979 2127 maxima
998 2081 1083 2144 pars
1102 2079 1224 2127 eorum
1243 2075 1313 2141 est,
1336 2063 1395 2142 qui
1416 2079 1503 2126 vere
1523 2081 1601 2143 pos-

375 2179 455 2231 sunt
471 2169 672 2249 spirituales
687 2171 873 2251 appellari,
890 2187 974 2234 nam
986 2169 1129 2234 Domini
1143 2170 1296 2249 vestigia
1312 2183 1449 2232 summo
1461 2168 1602 2232 fervore

373 2287 645 2355 prosequuntur.
662 2277 710 2340 Hi
725 2295 802 2341 sese
818 2279 854 2341 in
866 2278 1119 2358 componendis
1131 2277 1408 2340 dissensionibus
1420 2287 1599 2344 exercent.

372 2393 407 2443 et
421 2383 596 2461 mulieres
614 2384 850 2461 perniciosam
861 2384 972 2448 vitam
984 2393 1142 2464 agentes,
1159 2384 1205 2447 ad
1216 2384 1347 2446 bonam
1358 2394 1515 2446 mentem
1527 2385 1598 2446 rcd-

372 2489 502 2552 ducere
541 2490 698 2570 student,
734 2509 929 2572 pauperum
960 2492 996 2555 in
1028 2491 1261 2572 hospitalibus
1295 2506 1417 2553 curam
1452 2490 1598 2559 habent,

372 2593 512 2658 demum
532 2595 674 2676 pietatis
700 2606 734 2660 et
758 2597 944 2661 charitatis
979 2597 1218 2661 functionibus
1242 2613 1280 2660 se
1313 2596 1470 2659 studiose
1498 2613 1597 2659 occu·

373 2709 471 2780 pant.

432 2807 469 2870 P.
487 2807 701 2875 Paschasius
716 2811 832 2874 multis
847 2812 882 2874 in
897 2812 1099 2892 praesentia
1113 2811 1309 2891 spiritualia
1331 2809 1391 2871 dat
1406 2810 1594 2884 exercitia,

371 2925 405 2977 et
421 2916 510 2978 inter
527 2917 615 2979 alios
630 2917 841 2998 quibusdam
855 2918 1094 2981 nobilissimae
1115 2915 1269 2980 familiae
1291 2915 1475 2979 foeminis:
1501 2915 1592 2980 dedit

372 3021 479 3084 etiam
492 3023 670 3103 plurimiS,
687 3025 849 3103 proxime
864 3024 994 3105 elapsis
1008 3024 1146 3100 diebus,
1170 3042 1214 3086 ex
1229 3022 1356 3103 quibus
1371 3021 1515 3102 aliquae
1530 3023 1595 3084 vir·

370 3128 472 3205 gines
495 3130 695 3210 ingressae,
712 3132 852 3211 aliquae
867 3130 1094 3210 ingressurae
1108 3139 1190 3194 sunt
1205 3130 1392 3208 coenobia,
1409 3139 1444 3191 et
1463 3129 1597 3193 Doctor

370 3235 514 3316 quidam
535 3238 571 3301 in
590 3246 740 3318 utroque
756 3237 851 3317 jure,
870 3237 996 3300 iisdem
1011 3237 1191 3301 exercitiis
1206 3247 1406 3316 promotus,
1435 3236 1482 3299 ad
1507 3236 1596 3299 idem

373 3343 624 3421 praestandum
645 3353 811 3424 paratum
825 3361 863 3406 se
879 3361 956 3408 esse
971 3343 1164 3424 profitetur.
1189 3343 1239 3406 Hi
1257 3343 1418 3406 homines
1437 3342 1489 3406 ita
1511 3360 1594 3420 erga

372 3449 587 3513 Societatem
602 3459 683 3512 sunt
699 3449 828 3529 affecti,
844 3459 884 3514 ut
898 3466 1090 3532 numquam
1103 3469 1126 3512 a
1140 3450 1254 3530 nobiS,
1270 3450 1354 3512 dum
1369 3459 1530 3528 possunt,
1547 3467 1594 3512 re·

370 3555 496 3619 cedere
511 3558 602 3619 velle
617 3557 823 3636 videantur;
840 3566 874 3621 et
889 3558 1052 3638 quamvis
1067 3558 1213 3621 audiant
1232 3557 1355 3619 diebus
1373 3556 1474 3619 lestis
1494 3575 1595 3620 mane

369 3663 588 3742 concionem,
605 3672 639 3726 et
654 3681 676 3726 a
690 3663 841 3745 prandio
856 3664 1042 3727 lectionem
1056 3665 1099 3727 de
1115 3664 1307 3727 christiana
1324 3663 1500 3742 doctrina,
1517 3681 1592 3726 nec·

369 3785 441 3832 non
466 3768 560 3833 domi
585 3771 781 3833 orationem
807 3788 828 3832 a
853 3771 1022 3834 fratribus
1047 3771 1204 3834 habitam
1229 3773 1354 3851 (quam
1381 3781 1503 3834 tamen
1527 3789 1593 3833 non

372 3893 496 3940 omnes
511 3877 738 3958 intelligunt),
755 3895 826 3942 non
846 3880 915 3942 illis
931 3879 966 3942 id
985 3877 1127 3957 sufficit;
1145 3879 1259 3941 adhuc
1279 3879 1411 3940 vellent
1432 3895 1454 3939 a
1474 3877 1513 3942 P.
1536 3878 1592 3940 Pa-

372 3984 513 4047 schasio
527 3985 706 4065 privatam
722 3987 1018 4064 exhortationem,
1033 3995 1232 4048 asserentes
1243 4002 1281 4046 se
1296 4002 1368 4046 non
1382 3984 1480 4047 aliud
1501 3997 1593 4064 opta·

370 4109 408 4152 re
424 4108 530 4172 quam
544 4093 723 4172 integrum
737 4093 831 4156 diem
845 4093 882 4156 in
896 4093 1017 4156 divino
1038 4093 1186 4155 servitio
1202 4092 1411 4170 transigere.

427 4196 485 4261 Ad
496 4215 563 4261 nos
578 4198 720 4262 deducti
743 4199 842 4263 fuere
863 4200 1003 4278 (nostro
1024 4199 1146 4262 audito
1162 4197 1332 4274 adventu)
1350 4199 1552 4279 complures
1573 4217 1591 4260 a

366 4303 547 4382 spiritibus
559 4305 748 4369 immundis
763 4307 895 4385 vexati,
913 4325 957 4370 ex
971 4306 1097 4387 quibus
1108 4306 1233 4369 mulier
1244 4305 1421 4385 quaedam
1433 4324 1455 4370 a
1467 4305 1591 4370 duode-

367 4410 436 4472 cim
450 4411 658 4475 milliaribus
673 4422 726 4476 est
741 4413 907 4477 adducta.
923 4413 1084 4477 Alteram
1099 4412 1283 4488 sacerdos,
1299 4413 1360 4492 qui
1375 4413 1466 4476 alias
1482 4431 1560 4478 eam
1574 4431 1593 4473 a

366 4517 550 4581 daemonio
561 4518 712 4582 liberare
722 4529 871 4583 conatus
882 4520 1008 4600 fuerat,
1023 4520 1180 4599 deduxit,
1194 4520 1254 4600 qui
1266 4518 1420 4600 quadam
1432 4521 1590 4602 simplici·

366 4633 437 4687 tate
449 4624 487 4688 P.
501 4625 693 4690 Paschasio
705 4627 844 4691 dicebat
854 4626 1063 4691 daemonem
1074 4629 1110 4691 in
1123 4627 1224 4708 digiti
1238 4627 1376 4708 apicem
1387 4645 1427 4690 se
1439 4629 1592 4709 recipere

366 4734 537 4812 coegisse,
555 4734 617 4797 sed
628 4734 833 4814 neutiquam
848 4734 929 4797 inde
941 4734 1128 4798 detrudere
1140 4736 1238 4799 illum
1248 4734 1417 4815 potuisse.
1434 4735 1534 4799 Haec
1550 4735 1590 4796 ab
