935 1458
373 154 404 168 ΑΝ.
417 154 451 168 1Ῐὺ2
694 155 721 169 ,Τὺ

136 190 215 208 Fratre&
223 190 299 205 Domino
307 190 384 208 favente,
393 193 429 205 tam
437 190 535 206 litterarum
544 191 601 206 studio
609 195 662 211 quam
670 192 719 211 spiri*

106 216 183 232 tualibus
191 217 346 232 exercitationibus
357 217 451 236 diligenter
461 217 569 233 incumbunt>
581 217 608 233 Ab
620 218 720 233 hominibus

107 244 158 263 hujus
169 244 247 262 regionis
258 246 351 262 gratanter
362 243 431 262 excepti
441 246 488 258 sunt.
500 243 564 263 Atque,
579 247 596 259 ut
610 244 683 263 videtur,
697 245 720 259 :ib

105 269 149 289 ipsis
156 273 192 285 non
198 273 261 289 parurn
267 269 285 285 in
292 268 369 285 Domino
376 268 479 289 diliguntur>
487 268 536 288 Quae
543 273 572 285 res
577 273 617 285 cum
625 270 718 290 superiori·

105 296 137 312 bus
145 296 235 312 mensibus
243 300 294 312 omne
301 295 443 316 persequutionis
453 299 509 315 genus
520 295 611 315 adimeret,
619 300 655 312 non
666 297 719 312 semel

105 328 115 338 a
122 323 208 339 fratribus
216 323 308 339 audiebam
315 327 351 339 non
362 322 406 338 satis
416 322 458 338 felix
468 322 553 338 indicium
561 322 618 338 videri
624 323 672 343 quod
683 325 720 339 tam

106 349 176 369 placide
188 350 280 365 nobiscum
292 352 385 369 ageretur,
397 351 504 369 acceperant
513 349 560 365 enim
570 354 581 365 a
593 352 610 365 te
621 346 687 365 di'ctum
698 354 719 365 eo

106 376 179 397 majoris
186 376 223 397 spei
231 376 325 396 collegium
333 376 363 392 tibi
371 380 415 395 esse,
424 380 458 396 quo
466 376 608 396 persequutionis
615 376 656 396 igne
662 377 721 397 magis

106 403 123 418 in
130 403 250 419 fundamentis
259 403 370 423 probaretur.

135 430 263 446 Verumtamen
270 434 306 446 non
314 430 380 450 placuit
387 429 463 445 Domino
471 431 490 445 ut
496 429 522 449 id,
533 429 579 449 quod
586 429 623 445 sere
630 430 720 450 proprium

105 459 132 472 est
145 459 247 472 nostrorum
257 457 372 476 collegiorum
382 456 443 476 initiis,
454 456 496 472 huic
507 456 577 476 penitus
589 456 664 472 deesset.
675 456 720 472 Nam

105 483 184 499 surrexit
192 483 263 504 quidam
271 485 365 503 mereator,
374 483 405 503 qui
412 487 431 498 se
438 487 449 498 a
456 483 524 498 duobus
534 483 626 503 apostolis,
636 483 662 499 sic
673 483 720 499 enim

106 514 139 526 nos
148 513 220 529 vocant.
234 510 256 526 ad
269 510 348 526 alearum
358 509 418 525 ludum
428 512 545 529 provocatum
557 509 612 525 fuisse
624 510 641 525 in
654 514 720 525 corona

106 537 197 553 hominum
210 537 310 553 affirmaret.
322 537 349 553 Ex
360 540 435 557 quorum
444 540 518 552 numero
528 536 613 555 nonnulli,
624 536 654 556 qui
663 537 720 552 nostri

106 564 230 580 benevolentia
238 563 280 579 talla
287 564 309 579 de
316 563 368 579 nobis
376 563 411 579 dici
418 563 507 582 dolebant,
515 566 555 578 cum
563 563 615 578 aliter
620 562 657 582 ejus
664 567 720 578 asser-

105 591 183 606 tionibus
191 590 294 606 satisfacere
301 590 400 610 nequirent,
411 589 428 605 id
435 589 527 605 relevandi
534 589 588 605 animi
598 589 656 609 gratia
667 592 719 609 atque

104 620 124 633 ut
131 618 207 633 aliorum
217 617 294 633 taedium
304 617 430 637 deponeretur,
440 616 507 632 sactum
514 616 647 636 responderunt.
658 615 719 632 Sacer-

104 644 137 660 dos
141 649 185 660 vero
190 644 267 664 quidam.
272 644 359 660 charitate
364 643 442 663 zeloque,
448 645 468 658 ut
474 642 572 662 videbatur,
579 645 675 663 permotus
682 647 719 659 rem

104 671 127 686 ad
140 670 211 686 Patrem
223 670 337 686 Melchiorem
349 670 435 686 Cameiro
447 669 515 689 detulit,
528 674 562 690 quo
574 670 608 689 ipsi
619 670 717 686 mederetur

104 702 234 717 rumoremque,
242 697 258 713 si
265 700 331 717 posset,
340 697 458 716 extingueret.

136 724 170 740 His
176 728 212 740 non
223 724 278 740 multo
289 726 329 744 post
339 723 425 739 successit
435 723 483 743 quod
491 727 527 739 non
536 723 623 739 minorem
634 722 719 739 invidiam

103 753 157 771 atque
169 751 324 771 persequutionem
336 750 435 770 pariturum
447 752 491 766 erat.
505 749 592 765 Sacerdos
605 748 682 769 quidam,
695 753 718 765 ex

105 777 171 793 nostris
181 782 201 793 se
208 781 248 793 esse
256 781 343 796 asserens.
354 777 439 797 pecunias
446 781 456 792 a
466 776 542 796 devotis,
550 780 625 796 quorum
636 775 718 791 audiebat

105 804 232 823 consessiones.
240 804 329 823 exigebat,
337 803 454 824 quarumdam
462 803 559 823 imaginum
565 807 586 818 ac
594 802 655 818 sacelli
661 802 718 818 nostri

104 830 179 846 ornandi
187 830 265 850 obtentu,
273 833 290 846 et
298 830 315 845 id
322 834 379 850 genus
386 830 426 849 aliay
433 830 489 850 turpis
496 829 540 845 lucri
548 833 609 849 causa,
617 829 717 845 simulabat.

104 856 171 872 Contra
178 856 223 872 haec
230 859 290 872 tamen
297 857 362 872 diaboli
369 856 520 874 machinamenta,
531 856 594 875 quibus
603 856 718 871 honestorum

105 882 195 898 hominum
203 883 257 898 corda
264 887 275 899 a
283 882 364 899 Patribus
371 885 389 899 et
400 886 462 898 eorum
469 882 540 898 monitis
551 884 633 898 avertere
642 882 717 898 conaba-

105 912 139 929 tur,
147 909 233 925 excitavit
244 909 330 926 Dominus
341 910 371 930 qui
382 914 407 929 se,
418 909 518 925 tacentibus
529 908 585 927 nobis.
597 908 718 928 superioribus

105 938 220 956 opponerent.
226 936 242 952 N
243 940 272 952 am
279 936 364 952 sacerdos
369 936 441 956 quidam
447 940 502 951 senex
507 938 524 951 et
531 935 616 951 orationis
622 935 718 955 studiosus,

105 966 146 978 cum
156 962 179 978 ad
189 962 227 982 ejus
236 967 289 978 aures
297 967 358 979 rumor
367 962 484 983 pervenisset.
496 962 534 978 zelo
547 961 619 978 Domini
631 966 719 977 accensus

105 993 139 1005 non
152 989 202 1009 prius
214 989 290 1005 comedit
302 993 360 1009 quam,
374 992 491 1005 mercatorem
506 988 573 1008 adiens,
586 988 612 1004 rei
625 989 718 1004 veritatem

104 1016 190 1035 cognovit
197 1020 218 1031 ac
229 1016 299 1036 prodiit.
310 1016 434 1036 Compei-itque
444 1015 549 1031 mercatoris
559 1015 630 1031 domum
641 1015 682 1031 talis
693 1015 717 1031 lu-

105 1041 146 1058 dere
155 1042 254 1058 volentibus
261 1044 322 1062 patere
329 1042 406 1062 solitam,
414 1042 506 1062 ipsumque
515 1046 526 1058 a
534 1042 603 1058 clericis
612 1042 673 1058 nescio
680 1041 717 1062 qui-

105 1068 137 1084 bus
142 1068 165 1084 ad
172 1068 268 1085 ludendum
275 1069 383 1085 lacessitum.

133 1095 211 1115 Quidam
220 1095 273 1111 etiam
279 1095 354 1115 juvenis,
363 1096 393 1116 qui
404 1095 486 1111 Patribus
496 1095 514 1111 in
523 1095 576 1110 vinea
587 1094 659 1110 Domini
670 1095 717 1111 labo-

105 1122 183 1137 rantibus
191 1122 300 1142 interfuerat,
309 1124 389 1138 statuens
398 1122 496 1138 sacerdotis
505 1121 551 1137 illius
561 1121 658 1137 institutum
669 1126 679 1137 a
687 1126 717 1137 no-

105 1150 141 1164 stro
146 1148 230 1168 alienum,
238 1153 310 1169 remque
317 1149 418 1169 diligentius
428 1151 522 1168 scrutatus,
531 1151 550 1164 ut
560 1148 647 1164 intellexit
659 1148 717 1168 ipsum

105 1174 125 1190 de
135 1174 225 1191 Societate
234 1179 270 1191 non
279 1179 326 1195 esse,
337 1180 372 1191 non
383 1175 461 1191 cessavit
471 1175 527 1191 donec
540 1175 639 1190 observans
651 1175 716 1194 locum,

105 1205 139 1221 quo
147 1201 233 1217 sacerdos
239 1206 258 1217 se
265 1202 367 1222 recipiebat,
376 1202 417 1218 illuc
422 1202 476 1218 etiam
484 1202 568 1218 satellites
576 1201 672 1218 induceret.
