<?xml version="1.0" encoding="UTF-8"?>
<!DOCTYPE html PUBLIC "-//W3C//DTD XHTML 1.0 Transitional//EN"
    "http://www.w3.org/TR/xhtml1/DTD/xhtml1-transitional.dtd">
<html xmlns="http://www.w3.org/1999/xhtml" xml:lang="en" lang="en">
 <head>
  <title>
</title>
<meta http-equiv="Content-Type" content="text/html;charset=utf-8" />
  <meta name='ocr-system' content='tesseract 3.04.00' />
  <meta name='ocr-capabilities' content='ocr_page ocr_carea ocr_par ocr_line ocrx_word'/>
</head>
<body>
  <div class='ocr_page' id='page_1' title='image "./litteraequadrim01jesugoog_0279.png"; bbox 0 0 935 1458; ppageno 0'>
   <div class='ocr_carea' id='block_1_1' title="bbox 367 175 710 189">
    <p class='ocr_par' dir='ltr' id='par_1_1' title="bbox 367 175 710 189">
     <span class='ocr_line' id='line_1_1' title="bbox 367 175 710 189; baseline 0.003 -1"><span class='ocrx_word' id='word_1_1' title='bbox 367 175 392 188; x_wconf 54' lang='lat' dir='ltr'>Ax·</span> <span class='ocrx_word' id='word_1_2' title='bbox 410 175 440 188; x_wconf 54' lang='lat'>13³1</span> <span class='ocrx_word' id='word_1_3' title='bbox 684 176 710 189; x_wconf 67' lang='lat'>273</span> 
     </span>
    </p>
   </div>
   <div class='ocr_carea' id='block_1_2' title="bbox 98 207 718 1245">
    <p class='ocr_par' dir='ltr' id='par_1_2' title="bbox 98 207 710 444">
     <span class='ocr_line' id='line_1_2' title="bbox 99 207 709 230; baseline 0.002 -5"><span class='ocrx_word' id='word_1_4' title='bbox 99 215 140 226; x_wconf 80' lang='lat' dir='ltr'>nunc</span> <span class='ocrx_word' id='word_1_5' title='bbox 150 207 244 230; x_wconf 75' lang='lat' dir='ltr'>tranquilla</span> <span class='ocrx_word' id='word_1_6' title='bbox 257 212 305 229; x_wconf 82' lang='lat' dir='ltr'>sunt,</span> <span class='ocrx_word' id='word_1_7' title='bbox 316 210 402 226; x_wconf 79' lang='lat' dir='ltr'>moniales</span> <span class='ocrx_word' id='word_1_8' title='bbox 412 212 428 226; x_wconf 85' lang='lat' dir='ltr'>et</span> <span class='ocrx_word' id='word_1_9' title='bbox 439 210 528 230; x_wconf 42' lang='lat' dir='ltr'>oppidum&lt;</span> <span class='ocrx_word' id='word_1_10' title='bbox 541 210 574 226; x_wconf 86' lang='lat' dir='ltr'>Per</span> <span class='ocrx_word' id='word_1_11' title='bbox 585 210 653 226; x_wconf 73' lang='lat' dir='ltr'>litteras</span> <span class='ocrx_word' id='word_1_12' title='bbox 661 215 671 226; x_wconf 82' lang='lat' dir='ltr'>a</span> <span class='ocrx_word' id='word_1_13' title='bbox 682 215 709 226; x_wconf 89' lang='lat' dir='ltr'>me</span> 
     </span>
     <span class='ocr_line' id='line_1_3' title="bbox 98 236 709 257; baseline 0.002 -5"><span class='ocrx_word' id='word_1_14' title='bbox 98 237 231 253; x_wconf 78' lang='lat' dir='ltr'>constitutiones</span> <span class='ocrx_word' id='word_1_15' title='bbox 241 241 282 252; x_wconf 86' lang='lat' dir='ltr'>cum</span> <span class='ocrx_word' id='word_1_16' title='bbox 292 239 379 256; x_wconf 83' lang='lat' dir='ltr'>peterent,</span> <span class='ocrx_word' id='word_1_17' title='bbox 388 237 428 252; x_wconf 91' lang='lat' dir='ltr'>illas</span> <span class='ocrx_word' id='word_1_18' title='bbox 437 237 485 256; x_wconf 80' lang='lat' dir='ltr'>misi,</span> <span class='ocrx_word' id='word_1_19' title='bbox 496 241 540 257; x_wconf 76' lang='lat' dir='ltr'>quas</span> <span class='ocrx_word' id='word_1_20' title='bbox 547 236 568 252; x_wconf 86' lang='lat' dir='ltr'>T.</span> <span class='ocrx_word' id='word_1_21' title='bbox 577 236 595 253; x_wconf 86' lang='grc' dir='ltr'>Ρ.</span> <span class='ocrx_word' id='word_1_22' title='bbox 603 236 624 252; x_wconf 78' lang='lat' dir='ltr'>R.</span> <span class='ocrx_word' id='word_1_23' title='bbox 633 236 709 253; x_wconf 74' lang='lat' dir='ltr'>Sanctae</span> 
     </span>
     <span class='ocr_line' id='line_1_4' title="bbox 99 263 709 284; baseline 0 -5"><span class='ocrx_word' id='word_1_24' title='bbox 99 264 175 280; x_wconf 76' lang='lat' dir='ltr'>Marthae</span> <span class='ocrx_word' id='word_1_25' title='bbox 186 263 293 279; x_wconf 79' lang='lat' dir='ltr'>monasterio</span> <span class='ocrx_word' id='word_1_26' title='bbox 302 263 398 283; x_wconf 79' lang='lat' dir='ltr'>aliquando</span> <span class='ocrx_word' id='word_1_27' title='bbox 407 263 461 279; x_wconf 86' lang='lat' dir='ltr'>dedit.</span> <span class='ocrx_word' id='word_1_28' title='bbox 469 263 534 279; x_wconf 82' lang='lat' dir='ltr'>Totum</span> <span class='ocrx_word' id='word_1_29' title='bbox 541 264 575 279; x_wconf 88' lang='lat' dir='ltr'>hoc</span> <span class='ocrx_word' id='word_1_30' title='bbox 582 268 626 284; x_wconf 91' lang='lat' dir='ltr'>opus</span> <span class='ocrx_word' id='word_1_31' title='bbox 634 268 656 279; x_wconf 85' lang='lat' dir='ltr'>ex</span> <span class='ocrx_word' id='word_1_32' title='bbox 666 264 709 280; x_wconf 82' lang='lat' dir='ltr'>elee-</span> 
     </span>
     <span class='ocr_line' id='line_1_5' title="bbox 99 290 710 311; baseline 0 -5"><span class='ocrx_word' id='word_1_33' title='bbox 99 291 174 311; x_wconf 88' lang='lat' dir='ltr'>mosynis</span> <span class='ocrx_word' id='word_1_34' title='bbox 187 290 287 306; x_wconf 75' lang='lat' dir='ltr'>consectum</span> <span class='ocrx_word' id='word_1_35' title='bbox 302 292 334 306; x_wconf 56' lang='lat' dir='ltr'>est</span> <span class='ocrx_word' id='word_1_36' title='bbox 347 290 383 306; x_wconf 77' lang='lat' dir='ltr'>Alii</span> <span class='ocrx_word' id='word_1_37' title='bbox 396 290 482 310; x_wconf 71' lang='lat' dir='ltr'>triticum,</span> <span class='ocrx_word' id='word_1_38' title='bbox 493 290 522 306; x_wconf 76' lang='lat' dir='ltr'>alii</span> <span class='ocrx_word' id='word_1_39' title='bbox 529 290 631 311; x_wconf 80' lang='lat' dir='ltr'>pecuniam,</span> <span class='ocrx_word' id='word_1_40' title='bbox 643 290 672 306; x_wconf 82' lang='lat' dir='ltr'>alii</span> <span class='ocrx_word' id='word_1_41' title='bbox 679 295 710 306; x_wconf 89' lang='lat' dir='ltr'>an-</span> 
     </span>
     <span class='ocr_line' id='line_1_6' title="bbox 99 317 709 337; baseline 0.002 -5"><span class='ocrx_word' id='word_1_42' title='bbox 99 318 154 337; x_wconf 81' lang='lat' dir='ltr'>nulos,</span> <span class='ocrx_word' id='word_1_43' title='bbox 163 317 194 333; x_wconf 83' lang='lat' dir='ltr'>alii</span> <span class='ocrx_word' id='word_1_44' title='bbox 202 321 274 337; x_wconf 76' lang='lat' dir='ltr'>operas,</span> <span class='ocrx_word' id='word_1_45' title='bbox 283 317 313 333; x_wconf 82' lang='lat' dir='ltr'>alii</span> <span class='ocrx_word' id='word_1_46' title='bbox 320 317 356 332; x_wconf 75' lang='lat' dir='ltr'>alia</span> <span class='ocrx_word' id='word_1_47' title='bbox 363 317 468 337; x_wconf 72' lang='lat' dir='ltr'>offerebant3</span> <span class='ocrx_word' id='word_1_48' title='bbox 476 320 494 333; x_wconf 76' lang='lat' dir='ltr'>et</span> <span class='ocrx_word' id='word_1_49' title='bbox 501 321 522 333; x_wconf 88' lang='lat' dir='ltr'>eo</span> <span class='ocrx_word' id='word_1_50' title='bbox 530 321 584 337; x_wconf 87' lang='lat' dir='ltr'>usque</span> <span class='ocrx_word' id='word_1_51' title='bbox 590 317 661 333; x_wconf 84' lang='lat' dir='ltr'>devotio</span> <span class='ocrx_word' id='word_1_52' title='bbox 669 317 709 333; x_wconf 81' lang='lat' dir='ltr'>offe·</span> 
     </span>
     <span class='ocr_line' id='line_1_7' title="bbox 99 344 708 364; baseline 0.002 -5"><span class='ocrx_word' id='word_1_53' title='bbox 99 344 145 360; x_wconf 78' lang='lat' dir='ltr'>rendi</span> <span class='ocrx_word' id='word_1_54' title='bbox 152 347 267 363; x_wconf 80' lang='lat' dir='ltr'>excreverat,</span> <span class='ocrx_word' id='word_1_55' title='bbox 278 346 297 359; x_wconf 90' lang='lat' dir='ltr'>ut</span> <span class='ocrx_word' id='word_1_56' title='bbox 306 348 329 359; x_wconf 86' lang='lat' dir='ltr'>ex</span> <span class='ocrx_word' id='word_1_57' title='bbox 339 344 367 359; x_wconf 88' lang='lat' dir='ltr'>his</span> <span class='ocrx_word' id='word_1_58' title='bbox 379 348 424 364; x_wconf 77' lang='lat' dir='ltr'>quae</span> <span class='ocrx_word' id='word_1_59' title='bbox 436 347 548 364; x_wconf 85' lang='lat' dir='ltr'>supererant,</span> <span class='ocrx_word' id='word_1_60' title='bbox 559 348 613 364; x_wconf 88' lang='lat' dir='ltr'>opere</span> <span class='ocrx_word' id='word_1_61' title='bbox 622 344 708 364; x_wconf 82' lang='lat' dir='ltr'>consecto,</span> 
     </span>
     <span class='ocr_line' id='line_1_8' title="bbox 99 370 710 391; baseline 0.002 -5"><span class='ocrx_word' id='word_1_62' title='bbox 99 371 189 391; x_wconf 77' lang='lat' dir='ltr'>pecuniam</span> <span class='ocrx_word' id='word_1_63' title='bbox 198 371 266 386; x_wconf 80' lang='lat' dir='ltr'>restitui</span> <span class='ocrx_word' id='word_1_64' title='bbox 274 370 380 391; x_wconf 80' lang='lat' dir='ltr'>quibusdam</span> <span class='ocrx_word' id='word_1_65' title='bbox 389 371 499 391; x_wconf 83' lang='lat' dir='ltr'>curaverim;</span> <span class='ocrx_word' id='word_1_66' title='bbox 510 375 545 387; x_wconf 87' lang='lat' dir='ltr'>non</span> <span class='ocrx_word' id='word_1_67' title='bbox 555 371 602 387; x_wconf 90' lang='lat' dir='ltr'>enim</span> <span class='ocrx_word' id='word_1_68' title='bbox 612 373 681 387; x_wconf 79' lang='lat' dir='ltr'>tantum</span> <span class='ocrx_word' id='word_1_69' title='bbox 687 375 710 387; x_wconf 83' lang='lat' dir='ltr'>ex</span> 
     </span>
     <span class='ocr_line' id='line_1_9' title="bbox 100 397 709 418; baseline 0 -5"><span class='ocrx_word' id='word_1_70' title='bbox 100 399 134 418; x_wconf 84' lang='lat' dir='ltr'>ipso</span> <span class='ocrx_word' id='word_1_71' title='bbox 142 397 218 414; x_wconf 80' lang='lat' dir='ltr'>Casulae</span> <span class='ocrx_word' id='word_1_72' title='bbox 226 397 299 417; x_wconf 77' lang='lat' dir='ltr'>oppido,</span> <span class='ocrx_word' id='word_1_73' title='bbox 308 397 339 413; x_wconf 85' lang='lat' dir='ltr'>sed</span> <span class='ocrx_word' id='word_1_74' title='bbox 346 398 399 413; x_wconf 82' lang='lat' dir='ltr'>etiam</span> <span class='ocrx_word' id='word_1_75' title='bbox 407 402 429 413; x_wconf 89' lang='lat' dir='ltr'>ex</span> <span class='ocrx_word' id='word_1_76' title='bbox 437 397 568 413; x_wconf 80' lang='lat' dir='ltr'>circumvicinis</span> <span class='ocrx_word' id='word_1_77' title='bbox 574 398 597 413; x_wconf 79' lang='lat' dir='ltr'>ad</span> <span class='ocrx_word' id='word_1_78' title='bbox 604 402 655 413; x_wconf 83' lang='lat' dir='ltr'>suum</span> <span class='ocrx_word' id='word_1_79' title='bbox 662 398 709 413; x_wconf 50' lang='lat' dir='ltr'>labor</span> 
     </span>
     <span class='ocr_line' id='line_1_10' title="bbox 99 424 460 444; baseline 0 -4"><span class='ocrx_word' id='word_1_80' title='bbox 99 429 133 440; x_wconf 73' lang='lat' dir='ltr'>rem</span> <span class='ocrx_word' id='word_1_81' title='bbox 141 424 278 444; x_wconf 85' lang='lat' dir='ltr'>impendendum</span> <span class='ocrx_word' id='word_1_82' title='bbox 286 424 336 440; x_wconf 86' lang='lat' dir='ltr'>multi</span> <span class='ocrx_word' id='word_1_83' title='bbox 344 424 460 440; x_wconf 83' lang='lat' dir='ltr'>confluerunt.</span> 
     </span>
    </p>

    <p class='ocr_par' dir='ltr' id='par_1_3' title="bbox 100 451 711 711">
     <span class='ocr_line' id='line_1_11' title="bbox 124 451 710 471; baseline 0.002 -5"><span class='ocrx_word' id='word_1_84' title='bbox 124 451 162 467; x_wconf 76' lang='lat' dir='ltr'>Pax</span> <span class='ocrx_word' id='word_1_85' title='bbox 170 451 199 466; x_wconf 85' lang='lat' dir='ltr'>illa</span> <span class='ocrx_word' id='word_1_86' title='bbox 207 451 252 466; x_wconf 83' lang='lat' dir='ltr'>inter</span> <span class='ocrx_word' id='word_1_87' title='bbox 260 451 324 466; x_wconf 85' lang='lat' dir='ltr'>multos</span> <span class='ocrx_word' id='word_1_88' title='bbox 332 451 426 466; x_wconf 84' lang='lat' dir='ltr'>conciliata</span> <span class='ocrx_word' id='word_1_89' title='bbox 434 451 451 467; x_wconf 86' lang='lat' dir='ltr'>iu</span> <span class='ocrx_word' id='word_1_90' title='bbox 459 451 525 471; x_wconf 82' lang='lat' dir='ltr'>oppido</span> <span class='ocrx_word' id='word_1_91' title='bbox 530 451 618 471; x_wconf 73' lang='lat' dir='ltr'>Caregine</span> <span class='ocrx_word' id='word_1_92' title='bbox 625 451 683 471; x_wconf 82' lang='lat' dir='ltr'>(quae,</span> <span class='ocrx_word' id='word_1_93' title='bbox 692 453 710 467; x_wconf 82' lang='lat' dir='ltr'>ut</span> 
     </span>
     <span class='ocr_line' id='line_1_12' title="bbox 100 477 710 498; baseline 0 -5"><span class='ocrx_word' id='word_1_94' title='bbox 100 478 166 498; x_wconf 59' lang='lat' dir='ltr'>&gt;cripsi,</span> <span class='ocrx_word' id='word_1_95' title='bbox 175 482 216 493; x_wconf 90' lang='lat' dir='ltr'>cum</span> <span class='ocrx_word' id='word_1_96' title='bbox 223 481 289 497; x_wconf 77' lang='lat' dir='ltr'>magna</span> <span class='ocrx_word' id='word_1_97' title='bbox 296 477 395 493; x_wconf 76' lang='lat' dir='ltr'>animarum</span> <span class='ocrx_word' id='word_1_98' title='bbox 402 478 479 493; x_wconf 85' lang='lat' dir='ltr'>motione</span> <span class='ocrx_word' id='word_1_99' title='bbox 487 477 534 493; x_wconf 80' lang='lat' dir='ltr'>facta</span> <span class='ocrx_word' id='word_1_100' title='bbox 541 478 579 497; x_wconf 83' lang='lat' dir='ltr'>est),</span> <span class='ocrx_word' id='word_1_101' title='bbox 588 478 628 494; x_wconf 81' lang='lat' dir='ltr'>licet</span> <span class='ocrx_word' id='word_1_102' title='bbox 635 478 710 498; x_wconf 77' lang='lat' dir='ltr'>quadra-</span> 
     </span>
     <span class='ocr_line' id='line_1_13' title="bbox 100 504 709 524; baseline 0 -4"><span class='ocrx_word' id='word_1_103' title='bbox 100 505 145 524; x_wconf 62' lang='lat' dir='ltr'>ginta</span> <span class='ocrx_word' id='word_1_104' title='bbox 153 507 171 520; x_wconf 81' lang='lat' dir='ltr'>et</span> <span class='ocrx_word' id='word_1_105' title='bbox 179 507 255 524; x_wconf 76' lang='lat' dir='ltr'>quatuor</span> <span class='ocrx_word' id='word_1_106' title='bbox 262 504 352 520; x_wconf 80' lang='lat' dir='ltr'>homiuum</span> <span class='ocrx_word' id='word_1_107' title='bbox 363 504 417 520; x_wconf 83' lang='lat' dir='ltr'>caede</span> <span class='ocrx_word' id='word_1_108' title='bbox 426 505 527 524; x_wconf 86' lang='lat' dir='ltr'>exasperati</span> <span class='ocrx_word' id='word_1_109' title='bbox 537 505 578 520; x_wconf 86' lang='lat' dir='ltr'>hinc</span> <span class='ocrx_word' id='word_1_110' title='bbox 589 505 629 520; x_wconf 90' lang='lat' dir='ltr'>iude</span> <span class='ocrx_word' id='word_1_111' title='bbox 639 504 709 524; x_wconf 78' lang='lat' dir='ltr'>fuerint,</span> 
     </span>
     <span class='ocr_line' id='line_1_14' title="bbox 100 531 710 551; baseline 0.002 -5"><span class='ocrx_word' id='word_1_112' title='bbox 100 532 153 547; x_wconf 79' lang='lat' dir='ltr'>denuo</span> <span class='ocrx_word' id='word_1_113' title='bbox 161 531 265 547; x_wconf 78' lang='lat' dir='ltr'>confirmata</span> <span class='ocrx_word' id='word_1_114' title='bbox 273 533 290 546; x_wconf 84' lang='lat' dir='ltr'>et</span> <span class='ocrx_word' id='word_1_115' title='bbox 297 531 374 547; x_wconf 79' lang='lat' dir='ltr'>stabilita</span> <span class='ocrx_word' id='word_1_116' title='bbox 382 533 413 547; x_wconf 38' lang='lat' dir='ltr'>esti</span> <span class='ocrx_word' id='word_1_117' title='bbox 421 531 443 547; x_wconf 86' lang='lat' dir='ltr'>Et</span> <span class='ocrx_word' id='word_1_118' title='bbox 451 531 501 547; x_wconf 89' lang='lat' dir='ltr'>multi</span> <span class='ocrx_word' id='word_1_119' title='bbox 507 531 529 547; x_wconf 82' lang='lat' dir='ltr'>ad</span> <span class='ocrx_word' id='word_1_120' title='bbox 535 531 644 551; x_wconf 82' lang='lat' dir='ltr'>frequentem</span> <span class='ocrx_word' id='word_1_121' title='bbox 651 536 710 547; x_wconf 79' lang='lat' dir='ltr'>sacra-</span> 
     </span>
     <span class='ocr_line' id='line_1_15' title="bbox 100 557 709 578; baseline -0.002 -4"><span class='ocrx_word' id='word_1_122' title='bbox 100 560 196 574; x_wconf 78' lang='lat' dir='ltr'>mentorum</span> <span class='ocrx_word' id='word_1_123' title='bbox 204 562 254 573; x_wconf 86' lang='lat' dir='ltr'>usum</span> <span class='ocrx_word' id='word_1_124' title='bbox 266 557 333 574; x_wconf 86' lang='lat' dir='ltr'>inducti</span> <span class='ocrx_word' id='word_1_125' title='bbox 343 560 392 577; x_wconf 87' lang='lat' dir='ltr'>sunt,</span> <span class='ocrx_word' id='word_1_126' title='bbox 403 560 422 573; x_wconf 89' lang='lat' dir='ltr'>ut</span> <span class='ocrx_word' id='word_1_127' title='bbox 432 562 495 578; x_wconf 80' lang='lat' dir='ltr'>pacem</span> <span class='ocrx_word' id='word_1_128' title='bbox 506 558 567 574; x_wconf 86' lang='lat' dir='ltr'>melius</span> <span class='ocrx_word' id='word_1_129' title='bbox 577 560 709 574; x_wconf 80' lang='lat' dir='ltr'>conservarent.</span> 
     </span>
     <span class='ocr_line' id='line_1_16' title="bbox 100 584 710 604; baseline 0 -4"><span class='ocrx_word' id='word_1_130' title='bbox 100 585 183 600; x_wconf 89' lang='lat' dir='ltr'>Curatum</span> <span class='ocrx_word' id='word_1_131' title='bbox 191 587 218 600; x_wconf 89' lang='lat' dir='ltr'>est</span> <span class='ocrx_word' id='word_1_132' title='bbox 228 584 281 600; x_wconf 82' lang='lat' dir='ltr'>etiam</span> <span class='ocrx_word' id='word_1_133' title='bbox 292 586 311 600; x_wconf 84' lang='lat' dir='ltr'>ut</span> <span class='ocrx_word' id='word_1_134' title='bbox 321 584 380 600; x_wconf 85' lang='lat' dir='ltr'>usuris</span> <span class='ocrx_word' id='word_1_135' title='bbox 387 584 458 600; x_wconf 81' lang='lat' dir='ltr'>obviam</span> <span class='ocrx_word' id='word_1_136' title='bbox 466 584 528 604; x_wconf 87' lang='lat' dir='ltr'>iretur,</span> <span class='ocrx_word' id='word_1_137' title='bbox 535 587 554 600; x_wconf 82' lang='lat' dir='ltr'>ut</span> <span class='ocrx_word' id='word_1_138' title='bbox 561 585 637 600; x_wconf 71' lang='lat' dir='ltr'>choreae</span> <span class='ocrx_word' id='word_1_139' title='bbox 645 585 667 600; x_wconf 87' lang='lat' dir='ltr'>ad</span> <span class='ocrx_word' id='word_1_140' title='bbox 675 589 710 600; x_wconf 85' lang='lat' dir='ltr'>mo-</span> 
     </span>
     <span class='ocr_line' id='line_1_17' title="bbox 101 610 711 631; baseline 0.002 -5"><span class='ocrx_word' id='word_1_141' title='bbox 101 611 173 627; x_wconf 69' lang='lat' dir='ltr'>destiam</span> <span class='ocrx_word' id='word_1_142' title='bbox 182 610 317 630; x_wconf 76' lang='lat' dir='ltr'>reducerentur,</span> <span class='ocrx_word' id='word_1_143' title='bbox 328 613 346 626; x_wconf 89' lang='lat' dir='ltr'>ut</span> <span class='ocrx_word' id='word_1_144' title='bbox 357 611 470 631; x_wconf 76' lang='lat' dir='ltr'>quotidianae</span> <span class='ocrx_word' id='word_1_145' title='bbox 480 613 498 627; x_wconf 79' lang='lat' dir='ltr'>et</span> <span class='ocrx_word' id='word_1_146' title='bbox 508 615 610 627; x_wconf 83' lang='lat' dir='ltr'>communes</span> <span class='ocrx_word' id='word_1_147' title='bbox 621 611 711 627; x_wconf 84' lang='lat' dir='ltr'>orationes</span> 
     </span>
     <span class='ocr_line' id='line_1_18' title="bbox 102 637 711 658; baseline 0 -5"><span class='ocrx_word' id='word_1_148' title='bbox 102 638 238 657; x_wconf 75' lang='lat' dir='ltr'>instituerentur,</span> <span class='ocrx_word' id='word_1_149' title='bbox 251 642 306 658; x_wconf 85' lang='lat' dir='ltr'>quae,</span> <span class='ocrx_word' id='word_1_150' title='bbox 317 640 336 653; x_wconf 88' lang='lat' dir='ltr'>ut</span> <span class='ocrx_word' id='word_1_151' title='bbox 348 638 451 653; x_wconf 81' lang='lat' dir='ltr'>conservari</span> <span class='ocrx_word' id='word_1_152' title='bbox 463 638 541 658; x_wconf 80' lang='lat' dir='ltr'>possint,</span> <span class='ocrx_word' id='word_1_153' title='bbox 553 642 613 653; x_wconf 84' lang='lat' dir='ltr'>eorum</span> <span class='ocrx_word' id='word_1_154' title='bbox 620 638 667 658; x_wconf 75' lang='lat' dir='ltr'>patri</span> <span class='ocrx_word' id='word_1_155' title='bbox 678 637 711 658; x_wconf 83' lang='lat' dir='ltr'>spi-</span> 
     </span>
     <span class='ocr_line' id='line_1_19' title="bbox 102 664 711 685; baseline 0 -5"><span class='ocrx_word' id='word_1_156' title='bbox 102 665 156 680; x_wconf 81' lang='lat' dir='ltr'>rituali</span> <span class='ocrx_word' id='word_1_157' title='bbox 163 664 200 685; x_wconf 87' lang='lat' dir='ltr'>(qui</span> <span class='ocrx_word' id='word_1_158' title='bbox 209 664 260 680; x_wconf 80' lang='lat' dir='ltr'>valde</span> <span class='ocrx_word' id='word_1_159' title='bbox 267 664 335 680; x_wconf 74' lang='lat' dir='ltr'>anticus</span> <span class='ocrx_word' id='word_1_160' title='bbox 342 667 369 680; x_wconf 87' lang='lat' dir='ltr'>est</span> <span class='ocrx_word' id='word_1_161' title='bbox 377 664 477 683; x_wconf 83' lang='lat' dir='ltr'>Societatis)</span> <span class='ocrx_word' id='word_1_162' title='bbox 488 669 528 680; x_wconf 84' lang='lat' dir='ltr'>cum</span> <span class='ocrx_word' id='word_1_163' title='bbox 538 665 578 680; x_wconf 89' lang='lat' dir='ltr'>aliis</span> <span class='ocrx_word' id='word_1_164' title='bbox 588 665 615 680; x_wconf 85' lang='lat' dir='ltr'>sui</span> <span class='ocrx_word' id='word_1_165' title='bbox 626 664 711 680; x_wconf 83' lang='lat' dir='ltr'>similibus</span> 
     </span>
     <span class='ocr_line' id='line_1_20' title="bbox 103 691 365 711; baseline 0 -4"><span class='ocrx_word' id='word_1_166' title='bbox 103 691 220 707; x_wconf 64' lang='lat' dir='ltr'>sacerdotibus</span> <span class='ocrx_word' id='word_1_167' title='bbox 227 695 289 707; x_wconf 80' lang='lat' dir='ltr'>curam</span> <span class='ocrx_word' id='word_1_168' title='bbox 297 691 365 711; x_wconf 76' lang='lat' dir='ltr'>reliqui.</span> 
     </span>
    </p>

    <p class='ocr_par' dir='ltr' id='par_1_4' title="bbox 103 717 718 1245">
     <span class='ocr_line' id='line_1_21' title="bbox 128 717 712 738; baseline 0.002 -5"><span class='ocrx_word' id='word_1_169' title='bbox 128 717 199 738; x_wconf 75' lang='lat' dir='ltr'>Majani,</span> <span class='ocrx_word' id='word_1_170' title='bbox 208 718 238 733; x_wconf 88' lang='lat' dir='ltr'>uhi</span> <span class='ocrx_word' id='word_1_171' title='bbox 246 718 344 734; x_wconf 85' lang='lat' dir='ltr'>inimicitiis</span> <span class='ocrx_word' id='word_1_172' title='bbox 351 718 404 734; x_wconf 79' lang='lat' dir='ltr'>etiam</span> <span class='ocrx_word' id='word_1_173' title='bbox 412 718 507 734; x_wconf 83' lang='lat' dir='ltr'>homicidia</span> <span class='ocrx_word' id='word_1_174' title='bbox 516 720 586 738; x_wconf 79' lang='lat' dir='ltr'>patrata</span> <span class='ocrx_word' id='word_1_175' title='bbox 595 717 673 737; x_wconf 83' lang='lat' dir='ltr'>fuerant,</span> <span class='ocrx_word' id='word_1_176' title='bbox 682 718 712 734; x_wconf 86' lang='lat' dir='ltr'>ho-</span> 
     </span>
     <span class='ocr_line' id='line_1_22' title="bbox 104 745 712 765; baseline 0.002 -5"><span class='ocrx_word' id='word_1_177' title='bbox 104 745 154 761; x_wconf 85' lang='lat' dir='ltr'>mines</span> <span class='ocrx_word' id='word_1_178' title='bbox 161 745 269 765; x_wconf 79' lang='lat' dir='ltr'>principales</span> <span class='ocrx_word' id='word_1_179' title='bbox 280 745 302 760; x_wconf 83' lang='lat' dir='ltr'>ad</span> <span class='ocrx_word' id='word_1_180' title='bbox 312 745 426 761; x_wconf 78' lang='lat' dir='ltr'>concordiam</span> <span class='ocrx_word' id='word_1_181' title='bbox 433 745 544 764; x_wconf 82' lang='lat' dir='ltr'>reduximus;</span> <span class='ocrx_word' id='word_1_182' title='bbox 554 745 572 761; x_wconf 84' lang='lat' dir='ltr'>in</span> <span class='ocrx_word' id='word_1_183' title='bbox 583 745 623 761; x_wconf 78' lang='lat' dir='ltr'>aliis</span> <span class='ocrx_word' id='word_1_184' title='bbox 630 745 673 761; x_wconf 84' lang='lat' dir='ltr'>locis</span> <span class='ocrx_word' id='word_1_185' title='bbox 680 749 712 765; x_wconf 84' lang='lat' dir='ltr'>per</span> 
     </span>
     <span class='ocr_line' id='line_1_23' title="bbox 103 771 712 792; baseline 0 -5"><span class='ocrx_word' id='word_1_186' title='bbox 103 771 131 787; x_wconf 81' lang='lat' dir='ltr'>Dei</span> <span class='ocrx_word' id='word_1_187' title='bbox 142 772 220 791; x_wconf 76' lang='lat' dir='ltr'>gratiam</span> <span class='ocrx_word' id='word_1_188' title='bbox 233 771 250 787; x_wconf 92' lang='lat' dir='ltr'>id</span> <span class='ocrx_word' id='word_1_189' title='bbox 260 771 318 791; x_wconf 85' lang='lat' dir='ltr'>ipsum</span> <span class='ocrx_word' id='word_1_190' title='bbox 328 771 408 787; x_wconf 77' lang='lat' dir='ltr'>effectum</span> <span class='ocrx_word' id='word_1_191' title='bbox 419 774 452 787; x_wconf 89' lang='lat' dir='ltr'>est.</span> <span class='ocrx_word' id='word_1_192' title='bbox 463 771 483 787; x_wconf 90' lang='lat' dir='ltr'>In</span> <span class='ocrx_word' id='word_1_193' title='bbox 495 772 614 792; x_wconf 80' lang='lat' dir='ltr'>compluribus</span> <span class='ocrx_word' id='word_1_194' title='bbox 625 772 712 791; x_wconf 80' lang='lat' dir='ltr'>ecclesiis,</span> 
     </span>
     <span class='ocr_line' id='line_1_24' title="bbox 104 798 713 818; baseline 0 -4"><span class='ocrx_word' id='word_1_195' title='bbox 104 802 143 818; x_wconf 79' lang='lat' dir='ltr'>quas</span> <span class='ocrx_word' id='word_1_196' title='bbox 155 798 178 814; x_wconf 76' lang='lat' dir='ltr'>ad</span> <span class='ocrx_word' id='word_1_197' title='bbox 191 800 261 814; x_wconf 82' lang='lat' dir='ltr'>centum</span> <span class='ocrx_word' id='word_1_198' title='bbox 274 800 316 818; x_wconf 85' lang='lat' dir='ltr'>puto</span> <span class='ocrx_word' id='word_1_199' title='bbox 326 798 389 818; x_wconf 78' lang='lat' dir='ltr'>fuisse,</span> <span class='ocrx_word' id='word_1_200' title='bbox 399 798 428 814; x_wconf 89' lang='lat' dir='ltr'>ubi</span> <span class='ocrx_word' id='word_1_201' title='bbox 438 798 569 814; x_wconf 80' lang='lat' dir='ltr'>sanctissimum</span> <span class='ocrx_word' id='word_1_202' title='bbox 582 801 713 814; x_wconf 77' lang='lat' dir='ltr'>sacramentum</span> 
     </span>
     <span class='ocr_line' id='line_1_25' title="bbox 104 825 713 845; baseline 0.003 -6"><span class='ocrx_word' id='word_1_203' title='bbox 104 827 171 845; x_wconf 57' lang='grc' dir='ltr'>εὐμριοιις</span> <span class='ocrx_word' id='word_1_204' title='bbox 187 829 222 840; x_wconf 87' lang='lat' dir='ltr'>non</span> <span class='ocrx_word' id='word_1_205' title='bbox 240 825 355 844; x_wconf 82' lang='lat' dir='ltr'>servabatur,</span> <span class='ocrx_word' id='word_1_206' title='bbox 368 829 399 845; x_wconf 88' lang='lat' dir='ltr'>per</span> <span class='ocrx_word' id='word_1_207' title='bbox 413 825 447 841; x_wconf 88' lang='lat' dir='ltr'>Dei</span> <span class='ocrx_word' id='word_1_208' title='bbox 459 825 537 845; x_wconf 76' lang='lat' dir='ltr'>gratiam</span> <span class='ocrx_word' id='word_1_209' title='bbox 552 825 633 841; x_wconf 83' lang='lat' dir='ltr'>homines</span> <span class='ocrx_word' id='word_1_210' title='bbox 645 825 713 841; x_wconf 82' lang='lat' dir='ltr'>induxi-</span> 
     </span>
     <span class='ocr_line' id='line_1_26' title="bbox 105 851 713 871; baseline -0.003 -2"><span class='ocrx_word' id='word_1_211' title='bbox 105 858 138 869; x_wconf 86' lang='lat' dir='ltr'>mus</span> <span class='ocrx_word' id='word_1_212' title='bbox 145 853 168 869; x_wconf 91' lang='lat' dir='ltr'>ad</span> <span class='ocrx_word' id='word_1_213' title='bbox 175 852 193 868; x_wconf 81' lang='lat' dir='ltr'>id</span> <span class='ocrx_word' id='word_1_214' title='bbox 201 852 282 868; x_wconf 86' lang='lat' dir='ltr'>devotius</span> <span class='ocrx_word' id='word_1_215' title='bbox 290 854 307 867; x_wconf 81' lang='lat' dir='ltr'>et</span> <span class='ocrx_word' id='word_1_216' title='bbox 314 856 355 868; x_wconf 85' lang='lat' dir='ltr'>cum</span> <span class='ocrx_word' id='word_1_217' title='bbox 362 851 428 868; x_wconf 84' lang='lat' dir='ltr'>lumine</span> <span class='ocrx_word' id='word_1_218' title='bbox 435 852 518 867; x_wconf 79' lang='lat' dir='ltr'>continue</span> <span class='ocrx_word' id='word_1_219' title='bbox 525 851 640 871; x_wconf 81' lang='lat' dir='ltr'>servandum,</span> <span class='ocrx_word' id='word_1_220' title='bbox 648 854 664 867; x_wconf 81' lang='lat' dir='ltr'>et</span> <span class='ocrx_word' id='word_1_221' title='bbox 670 852 713 867; x_wconf 90' lang='lat' dir='ltr'>mul-</span> 
     </span>
     <span class='ocr_line' id='line_1_27' title="bbox 105 878 713 896; baseline -0.003 0"><span class='ocrx_word' id='word_1_222' title='bbox 105 883 129 896; x_wconf 81' lang='lat' dir='ltr'>lae</span> <span class='ocrx_word' id='word_1_223' title='bbox 141 880 235 896; x_wconf 80' lang='lat' dir='ltr'>societates</span> <span class='ocrx_word' id='word_1_224' title='bbox 248 879 271 895; x_wconf 76' lang='lat' dir='ltr'>ad</span> <span class='ocrx_word' id='word_1_225' title='bbox 283 879 369 895; x_wconf 85' lang='lat' dir='ltr'>honorem</span> <span class='ocrx_word' id='word_1_226' title='bbox 379 878 495 894; x_wconf 79' lang='lat' dir='ltr'>sacratissimi</span> <span class='ocrx_word' id='word_1_227' title='bbox 506 879 612 894; x_wconf 80' lang='lat' dir='ltr'>sacramenti</span> <span class='ocrx_word' id='word_1_228' title='bbox 624 878 713 894; x_wconf 68' lang='lat' dir='ltr'>institutae</span> 
     </span>
     <span class='ocr_line' id='line_1_28' title="bbox 105 905 714 925; baseline -0.002 -3"><span class='ocrx_word' id='word_1_229' title='bbox 105 909 146 922; x_wconf 67' lang='lat' dir='ltr'>sunt,</span> <span class='ocrx_word' id='word_1_230' title='bbox 154 906 241 923; x_wconf 83' lang='lat' dir='ltr'>Ducentis</span> <span class='ocrx_word' id='word_1_231' title='bbox 248 906 285 922; x_wconf 79' lang='lat' dir='ltr'>sere</span> <span class='ocrx_word' id='word_1_232' title='bbox 292 906 311 921; x_wconf 87' lang='lat' dir='ltr'>in</span> <span class='ocrx_word' id='word_1_233' title='bbox 317 905 362 921; x_wconf 78' lang='lat' dir='ltr'>loeis</span> <span class='ocrx_word' id='word_1_234' title='bbox 367 905 389 921; x_wconf 81' lang='lat' dir='ltr'>cle</span> <span class='ocrx_word' id='word_1_235' title='bbox 396 905 483 925; x_wconf 76' lang='lat' dir='ltr'>frequenti</span> <span class='ocrx_word' id='word_1_236' title='bbox 491 905 619 921; x_wconf 80' lang='lat' dir='ltr'>communionis</span> <span class='ocrx_word' id='word_1_237' title='bbox 625 909 657 921; x_wconf 85' lang='lat' dir='ltr'>usu</span> <span class='ocrx_word' id='word_1_238' title='bbox 663 909 714 925; x_wconf 78' lang='lat' dir='ltr'>prae—</span> 
     </span>
     <span class='ocr_line' id='line_1_29' title="bbox 104 932 714 953; baseline -0.003 -4"><span class='ocrx_word' id='word_1_239' title='bbox 104 933 167 953; x_wconf 77' lang='lat' dir='ltr'>dicavi,</span> <span class='ocrx_word' id='word_1_240' title='bbox 181 933 211 949; x_wconf 86' lang='lat' dir='ltr'>sed</span> <span class='ocrx_word' id='word_1_241' title='bbox 223 932 260 948; x_wconf 85' lang='lat' dir='ltr'>sere</span> <span class='ocrx_word' id='word_1_242' title='bbox 271 932 399 952; x_wconf 75' lang='lat' dir='ltr'>quinquaginta</span> <span class='ocrx_word' id='word_1_243' title='bbox 409 932 491 952; x_wconf 78' lang='lat' dir='ltr'>amplexa</span> <span class='ocrx_word' id='word_1_244' title='bbox 501 934 541 948; x_wconf 85' lang='lat' dir='ltr'>sunt</span> <span class='ocrx_word' id='word_1_245' title='bbox 551 934 631 947; x_wconf 79' lang='lat' dir='ltr'>sanctam</span> <span class='ocrx_word' id='word_1_246' title='bbox 641 936 714 947; x_wconf 68' lang='lat' dir='ltr'>consue1</span> 
     </span>
     <span class='ocr_line' id='line_1_30' title="bbox 105 958 714 979; baseline -0.003 -3"><span class='ocrx_word' id='word_1_247' title='bbox 105 960 186 979; x_wconf 70' lang='lat' dir='ltr'>tudinem,</span> <span class='ocrx_word' id='word_1_248' title='bbox 194 959 262 979; x_wconf 82' lang='lat' dir='ltr'>reliqua</span> <span class='ocrx_word' id='word_1_249' title='bbox 270 963 313 975; x_wconf 84' lang='lat' dir='ltr'>vero</span> <span class='ocrx_word' id='word_1_250' title='bbox 328 959 367 974; x_wconf 79' lang='lat' dir='ltr'>loca</span> <span class='ocrx_word' id='word_1_251' title='bbox 379 959 468 974; x_wconf 84' lang='lat' dir='ltr'>interdum</span> <span class='ocrx_word' id='word_1_252' title='bbox 478 958 495 974; x_wconf 88' lang='lat' dir='ltr'>id</span> <span class='ocrx_word' id='word_1_253' title='bbox 504 958 580 977; x_wconf 79' lang='lat' dir='ltr'>faciunt,</span> <span class='ocrx_word' id='word_1_254' title='bbox 590 958 622 974; x_wconf 87' lang='lat' dir='ltr'>sed</span> <span class='ocrx_word' id='word_1_255' title='bbox 631 962 667 974; x_wconf 89' lang='lat' dir='ltr'>non</span> <span class='ocrx_word' id='word_1_256' title='bbox 676 962 714 978; x_wconf 87' lang='lat' dir='ltr'>per·</span> 
     </span>
     <span class='ocr_line' id='line_1_31' title="bbox 105 984 714 1006; baseline -0.003 -4"><span class='ocrx_word' id='word_1_257' title='bbox 105 986 140 1002; x_wconf 82' lang='lat' dir='ltr'>inde</span> <span class='ocrx_word' id='word_1_258' title='bbox 152 986 259 1006; x_wconf 82' lang='lat' dir='ltr'>frequenter.</span> <span class='ocrx_word' id='word_1_259' title='bbox 273 985 397 1005; x_wconf 81' lang='lat' dir='ltr'>Compluribus</span> <span class='ocrx_word' id='word_1_260' title='bbox 408 984 427 1001; x_wconf 84' lang='lat' dir='ltr'>in</span> <span class='ocrx_word' id='word_1_261' title='bbox 439 985 517 1005; x_wconf 85' lang='lat' dir='ltr'>oppidis,</span> <span class='ocrx_word' id='word_1_262' title='bbox 528 985 604 1005; x_wconf 84' lang='lat' dir='ltr'>singulis</span> <span class='ocrx_word' id='word_1_263' title='bbox 617 985 714 1005; x_wconf 86' lang='lat' dir='ltr'>quibusque</span> 
     </span>
     <span class='ocr_line' id='line_1_32' title="bbox 105 1011 714 1032; baseline -0.003 -3"><span class='ocrx_word' id='word_1_264' title='bbox 105 1013 160 1029; x_wconf 82' lang='lat' dir='ltr'>diebus</span> <span class='ocrx_word' id='word_1_265' title='bbox 172 1012 273 1032; x_wconf 79' lang='lat' dir='ltr'>dominicis,</span> <span class='ocrx_word' id='word_1_266' title='bbox 286 1013 410 1032; x_wconf 84' lang='lat' dir='ltr'>eleemosynae</span> <span class='ocrx_word' id='word_1_267' title='bbox 419 1012 488 1032; x_wconf 84' lang='lat' dir='ltr'>publice</span> <span class='ocrx_word' id='word_1_268' title='bbox 499 1011 542 1027; x_wconf 86' lang='lat' dir='ltr'>fiunt</span> <span class='ocrx_word' id='word_1_269' title='bbox 552 1012 570 1027; x_wconf 89' lang='lat' dir='ltr'>in</span> <span class='ocrx_word' id='word_1_270' title='bbox 585 1016 636 1027; x_wconf 90' lang='lat' dir='ltr'>usum</span> <span class='ocrx_word' id='word_1_271' title='bbox 651 1015 714 1031; x_wconf 82' lang='lat' dir='ltr'>paupe-</span> 
     </span>
     <span class='ocr_line' id='line_1_33' title="bbox 104 1038 715 1058; baseline -0.002 -3"><span class='ocrx_word' id='word_1_272' title='bbox 104 1044 144 1055; x_wconf 90' lang='lat' dir='ltr'>rum.</span> <span class='ocrx_word' id='word_1_273' title='bbox 158 1039 220 1056; x_wconf 82' lang='lat' dir='ltr'>Oratio</span> <span class='ocrx_word' id='word_1_274' title='bbox 230 1039 284 1055; x_wconf 84' lang='lat' dir='ltr'>etiarn</span> <span class='ocrx_word' id='word_1_275' title='bbox 294 1039 312 1054; x_wconf 88' lang='lat' dir='ltr'>in</span> <span class='ocrx_word' id='word_1_276' title='bbox 322 1039 380 1054; x_wconf 87' lang='lat' dir='ltr'>multis</span> <span class='ocrx_word' id='word_1_277' title='bbox 389 1038 434 1054; x_wconf 86' lang='lat' dir='ltr'>locis</span> <span class='ocrx_word' id='word_1_278' title='bbox 446 1038 464 1054; x_wconf 87' lang='lat' dir='ltr'>in</span> <span class='ocrx_word' id='word_1_279' title='bbox 475 1038 563 1054; x_wconf 83' lang='lat' dir='ltr'>communi</span> <span class='ocrx_word' id='word_1_280' title='bbox 571 1038 648 1058; x_wconf 82' lang='lat' dir='ltr'>quotidie</span> <span class='ocrx_word' id='word_1_281' title='bbox 655 1038 675 1054; x_wconf 82' lang='lat' dir='ltr'>iit</span> <span class='ocrx_word' id='word_1_282' title='bbox 683 1038 715 1054; x_wconf 85' lang='lat' dir='ltr'>sub</span> 
     </span>
     <span class='ocr_line' id='line_1_34' title="bbox 104 1065 716 1086; baseline -0.003 -4"><span class='ocrx_word' id='word_1_283' title='bbox 104 1069 176 1082; x_wconf 71' lang='lat' dir='ltr'>noctem.</span> <span class='ocrx_word' id='word_1_284' title='bbox 185 1066 253 1082; x_wconf 80' lang='lat' dir='ltr'>Usurae</span> <span class='ocrx_word' id='word_1_285' title='bbox 260 1065 354 1086; x_wconf 79' lang='lat' dir='ltr'>exstirpari</span> <span class='ocrx_word' id='word_1_286' title='bbox 362 1067 465 1085; x_wconf 82' lang='lat' dir='ltr'>coeperunt:</span> <span class='ocrx_word' id='word_1_287' title='bbox 473 1069 507 1081; x_wconf 85' lang='lat' dir='ltr'>non</span> <span class='ocrx_word' id='word_1_288' title='bbox 514 1065 565 1085; x_wconf 80' lang='lat' dir='ltr'>pauci</span> <span class='ocrx_word' id='word_1_289' title='bbox 573 1065 627 1081; x_wconf 84' lang='lat' dir='ltr'>etiam</span> <span class='ocrx_word' id='word_1_290' title='bbox 634 1065 716 1081; x_wconf 82' lang='lat' dir='ltr'>concubi-</span> 
     </span>
     <span class='ocr_line' id='line_1_35' title="bbox 104 1091 715 1113; baseline -0.003 -4"><span class='ocrx_word' id='word_1_291' title='bbox 104 1093 153 1113; x_wconf 86' lang='lat' dir='ltr'>narii,</span> <span class='ocrx_word' id='word_1_292' title='bbox 161 1093 192 1113; x_wconf 73' lang='lat' dir='ltr'>qui</span> <span class='ocrx_word' id='word_1_293' title='bbox 199 1093 229 1108; x_wconf 83' lang='lat' dir='ltr'>diu</span> <span class='ocrx_word' id='word_1_294' title='bbox 237 1092 333 1108; x_wconf 75' lang='lat' dir='ltr'>admodum</span> <span class='ocrx_word' id='word_1_295' title='bbox 339 1092 357 1108; x_wconf 86' lang='lat' dir='ltr'>in</span> <span class='ocrx_word' id='word_1_296' title='bbox 367 1094 415 1108; x_wconf 74' lang='lat' dir='ltr'>statu</span> <span class='ocrx_word' id='word_1_297' title='bbox 425 1091 544 1108; x_wconf 79' lang='lat' dir='ltr'>damnationis</span> <span class='ocrx_word' id='word_1_298' title='bbox 552 1091 664 1111; x_wconf 84' lang='lat' dir='ltr'>exstiterant,</span> <span class='ocrx_word' id='word_1_299' title='bbox 671 1091 715 1112; x_wconf 79' lang='lat' dir='ltr'>jam,</span> 
     </span>
     <span class='ocr_line' id='line_1_36' title="bbox 105 1118 716 1139; baseline -0.002 -4"><span class='ocrx_word' id='word_1_300' title='bbox 105 1122 175 1139; x_wconf 77' lang='lat' dir='ltr'>peccato</span> <span class='ocrx_word' id='word_1_301' title='bbox 188 1119 257 1138; x_wconf 87' lang='lat' dir='ltr'>relicto,</span> <span class='ocrx_word' id='word_1_302' title='bbox 274 1119 375 1139; x_wconf 81' lang='lat' dir='ltr'>frequenter</span> <span class='ocrx_word' id='word_1_303' title='bbox 392 1118 528 1134; x_wconf 78' lang='lat' dir='ltr'>communicant.</span> <span class='ocrx_word' id='word_1_304' title='bbox 546 1118 597 1134; x_wconf 88' lang='lat' dir='ltr'>Multi</span> <span class='ocrx_word' id='word_1_305' title='bbox 614 1118 716 1134; x_wconf 81' lang='lat' dir='ltr'>sacerdotes</span> 
     </span>
     <span class='ocr_line' id='line_1_37' title="bbox 104 1145 716 1165; baseline -0.002 -3"><span class='ocrx_word' id='word_1_306' title='bbox 104 1146 168 1162; x_wconf 81' lang='lat' dir='ltr'>inducti</span> <span class='ocrx_word' id='word_1_307' title='bbox 176 1148 216 1162; x_wconf 81' lang='lat' dir='ltr'>sunt</span> <span class='ocrx_word' id='word_1_308' title='bbox 224 1146 246 1161; x_wconf 82' lang='lat' dir='ltr'>ad</span> <span class='ocrx_word' id='word_1_309' title='bbox 254 1146 353 1162; x_wconf 79' lang='lat' dir='ltr'>animarum</span> <span class='ocrx_word' id='word_1_310' title='bbox 361 1145 436 1161; x_wconf 86' lang='lat' dir='ltr'>salutem</span> <span class='ocrx_word' id='word_1_311' title='bbox 441 1145 547 1165; x_wconf 79' lang='lat' dir='ltr'>juvandam,</span> <span class='ocrx_word' id='word_1_312' title='bbox 558 1147 628 1165; x_wconf 82' lang='lat' dir='ltr'>praeter</span> <span class='ocrx_word' id='word_1_313' title='bbox 639 1145 716 1165; x_wconf 85' lang='lat' dir='ltr'>quinque</span> 
     </span>
     <span class='ocr_line' id='line_1_38' title="bbox 105 1171 717 1192; baseline -0.002 -4"><span class='ocrx_word' id='word_1_314' title='bbox 105 1173 140 1189; x_wconf 83' lang='lat' dir='ltr'>illos</span> <span class='ocrx_word' id='word_1_315' title='bbox 147 1175 178 1189; x_wconf 77' lang='lat' dir='ltr'>aut</span> <span class='ocrx_word' id='word_1_316' title='bbox 187 1177 229 1192; x_wconf 89' lang='lat' dir='ltr'>sex,</span> <span class='ocrx_word' id='word_1_317' title='bbox 241 1172 270 1192; x_wconf 91' lang='lat' dir='ltr'>qui</span> <span class='ocrx_word' id='word_1_318' title='bbox 281 1172 299 1188; x_wconf 87' lang='lat' dir='ltr'>in</span> <span class='ocrx_word' id='word_1_319' title='bbox 308 1172 428 1192; x_wconf 80' lang='lat' dir='ltr'>spiritualibus</span> <span class='ocrx_word' id='word_1_320' title='bbox 436 1172 527 1188; x_wconf 80' lang='lat' dir='ltr'>exercitiis</span> <span class='ocrx_word' id='word_1_321' title='bbox 534 1171 652 1192; x_wconf 79' lang='lat' dir='ltr'>profecerunt.</span> <span class='ocrx_word' id='word_1_322' title='bbox 663 1172 679 1188; x_wconf 88' lang='lat' dir='ltr'><strong>A</strong></span> <span class='ocrx_word' id='word_1_323' title='bbox 687 1172 717 1187; x_wconf 86' lang='lat' dir='ltr'>tri-</span> 
     </span>
     <span class='ocr_line' id='line_1_39' title="bbox 105 1198 717 1219; baseline -0.002 -4"><span class='ocrx_word' id='word_1_324' title='bbox 105 1199 151 1219; x_wconf 72' lang='lat' dir='ltr'>ginta</span> <span class='ocrx_word' id='word_1_325' title='bbox 162 1199 273 1218; x_wconf 79' lang='lat' dir='ltr'>milliaribus,</span> <span class='ocrx_word' id='word_1_326' title='bbox 284 1201 301 1215; x_wconf 88' lang='lat' dir='ltr'>et</span> <span class='ocrx_word' id='word_1_327' title='bbox 311 1199 390 1219; x_wconf 80' lang='lat' dir='ltr'>longius,</span> <span class='ocrx_word' id='word_1_328' title='bbox 401 1198 518 1214; x_wconf 85' lang='lat' dir='ltr'>consessionis</span> <span class='ocrx_word' id='word_1_329' title='bbox 529 1198 596 1218; x_wconf 82' lang='lat' dir='ltr'>gratia,</span> <span class='ocrx_word' id='word_1_330' title='bbox 610 1198 681 1218; x_wconf 86' lang='lat' dir='ltr'>quidam</span> <span class='ocrx_word' id='word_1_331' title='bbox 694 1198 717 1214; x_wconf 79' lang='lat' dir='ltr'>ad</span> 
     </span>
     <span class='ocr_line' id='line_1_40' title="bbox 106 1225 718 1245; baseline -0.002 -3"><span class='ocrx_word' id='word_1_332' title='bbox 106 1230 131 1242; x_wconf 82' lang='lat' dir='ltr'>me</span> <span class='ocrx_word' id='word_1_333' title='bbox 138 1226 216 1242; x_wconf 83' lang='lat' dir='ltr'>veniunt.</span> <span class='ocrx_word' id='word_1_334' title='bbox 228 1225 247 1241; x_wconf 82' lang='lat' dir='ltr'>[n</span> <span class='ocrx_word' id='word_1_335' title='bbox 256 1225 290 1242; x_wconf 77' lang='lat' dir='ltr'>hac</span> <span class='ocrx_word' id='word_1_336' title='bbox 301 1226 355 1242; x_wconf 75' lang='lat' dir='ltr'>etiam</span> <span class='ocrx_word' id='word_1_337' title='bbox 365 1225 442 1242; x_wconf 80' lang='lat' dir='ltr'>dioecesi</span> <span class='ocrx_word' id='word_1_338' title='bbox 451 1225 553 1245; x_wconf 87' lang='lat' dir='ltr'>mutinensi,</span> <span class='ocrx_word' id='word_1_339' title='bbox 564 1228 635 1245; x_wconf 75' lang='lat' dir='ltr'>praeter</span> <span class='ocrx_word' id='word_1_340' title='bbox 643 1225 660 1241; x_wconf 84' lang='lat' dir='ltr'>id</span> <span class='ocrx_word' id='word_1_341' title='bbox 670 1225 718 1245; x_wconf 84' lang='lat' dir='ltr'>quod</span> 
     </span>
    </p>
   </div>
  </div>
 </body>
</html>
