3426 5532
373 495 428 554 300
758 495 930 555 chruaaa
948 507 1218 564 ounomnascnas

374 651 449 704 tum
462 641 667 705 mulieribus
682 659 703 702 a
724 641 946 705 consessione
964 640 1109 719 fuimuS,
1127 647 1199 703 tarn
1213 639 1249 702 in
1263 638 1458 702 domestico
1479 647 1611 700 nostro

374 749 516 826 sacello,
535 756 608 812 tam
623 747 659 810 in
674 747 858 828 adjacente
872 747 1033 825 ecclesia,
1050 747 1209 826 hispanis
1223 746 1363 826 quidem
1378 745 1611 808 scholasticis

372 872 444 918 non
459 855 600 934 paucis,
620 855 724 934 gallis
734 864 856 917 autem
871 854 1253 934 quamplurimis;'quin
1268 853 1374 915 etiam
1390 869 1462 914 non
1475 850 1610 914 desunt

374 961 514 1041 hispani
544 978 649 1041 quoS,
681 978 761 1024 cum
789 961 887 1041 prius
915 977 981 1024 nos
1008 960 1187 1039 fugerent,
1214 959 1375 1037 singulis
1392 958 1517 1020 diebus
1549 957 1609 1020 do·

374 1068 513 1131 minicis
528 1068 713 1132 audiamus
728 1069 764 1132 in
779 1059 1070 1146 confessionibus
1087 1076 1122 1130 et
1135 1067 1203 1130 illis
1218 1083 1298 1130 cum
1318 1066 1437 1128 multis
1452 1064 1534 1128 aliis
1554 1081 1609 1126 sa·

375 1193 474 1238 cram
489 1176 654 1256 synaxim
669 1176 920 1239 ministramus.
1125 1247 1129 1256 ,

434 1281 514 1345 Duo
526 1281 687 1362 J'uveneS,
704 1300 853 1363 quorum
867 1283 956 1345 alter
970 1282 1108 1360 sardus
1125 1282 1214 1343 alter
1226 1278 1453 1358 burgunduS,
1475 1286 1511 1340 et
1535 1294 1611 1339 mo-

375 1390 565 1453 destissimi
580 1389 731 1470 quidem,
748 1399 827 1468 post
850 1390 1025 1468 completa
1045 1387 1214 1451 exercitia
1233 1386 1447 1464 spiritualia,
1470 1401 1567 1464 quae
1589 1402 1610 1446 a
1707 1451 1708 1468 ,

375 1497 476 1559 nobis
491 1498 526 1560 in
541 1497 711 1560 auxilium
727 1490 925 1559 animarum
939 1495 1092 1558 conferri
1108 1495 1231 1570 solent,
1248 1491 1438 1556 Societatis
1457 1501 1609 1554 nostrae
1707 1471 1708 1486 ¹

375 1603 573 1667 institutum
584 1604 778 1682 elegerunt.
787 1601 922 1666 Sardus
929 1601 1081 1682 quidem,
1094 1609 1176 1663 ante
1189 1599 1358 1663 exercitia
1367 1599 1412 1661 ad
1423 1616 1489 1662 nos
1501 1599 1611 1660 enixe

375 1703 621 1789 contendebat,
638 1727 732 1773 nunc
746 1727 833 1772 vero
848 1709 1010 1772 manibus
1025 1707 1242 1788 pedibusque
1261 1707 1385 1768 nititur
1406 1713 1444 1768 ut
1465 1706 1501 1767 in
1525 1723 1611 1768 con·

375 1817 523 1880 sortium
537 1826 698 1880 nostrum
713 1825 925 1880 assumatur.
943 1815 1078 1879 Verum
1092 1815 1211 1878 monui
1226 1815 1324 1877 illum
1333 1824 1371 1875 ut
1386 1813 1607 1893 diligentiori

375 1942 461 1987 cura
475 1924 709 2004 perpenderet
724 1941 769 1987 an
785 1932 922 1988 tantum
932 1922 998 1986 sibi
1013 1922 1136 1984 talenti
1150 1922 1369 1983 existimaret
1384 1918 1473 1998 dari,
1490 1928 1530 1982 ut
1545 1917 1609 1983 So·

374 2031 514 2093 cietatis
528 2039 670 2093 nostrae
686 2047 795 2092 onera
809 2029 902 2092 ferre
917 2023 1040 2107 possit.
1061 2027 1162 2090 Alter
1176 2028 1310 2090 veroin
1325 2027 1478 2105 patriam
1490 2043 1608 2088 seces-

375 2139 420 2201 sit
435 2154 494 2201 res
508 2155 593 2201 suas
607 2139 878 2216 compositurus.

435 2243 609 2308 Sacerdos
624 2244 682 2306 ille
698 2243 843 2322 flander,
861 2242 904 2306 de
919 2259 988 2323 quo
1003 2243 1049 2306 ad
1064 2252 1097 2305 te
1109 2241 1233 2320 paucis
1245 2239 1372 2304 abhinc
1384 2240 1507 2303 diebus
1520 2241 1608 2302 scri-

374 2351 440 2430 psi,
456 2360 530 2413 tum
545 2360 689 2431 propter
705 2347 780 2429 ejus
793 2343 987 2412 bonitatem
1002 2359 1036 2411 et
1048 2347 1268 2425 modestiam,
1282 2355 1355 2409 tum
1375 2346 1419 2408 ob
1438 2363 1606 2425 perseve-

374 2458 538 2536 rantiam,
556 2474 662 2537 quarn
675 2456 711 2519 in
725 2455 785 2519 illo
800 2472 921 2518 sumus
942 2455 1094 2534 experti,
1115 2453 1161 2516 ad
1180 2454 1269 2517 duos
1289 2464 1348 2515 aut
1369 2464 1442 2515 tres
1461 2469 1605 2516 menses

376 2564 565 2644 recipietur
579 2565 615 2626 in
630 2562 800 2626 familiam
815 2571 975 2644 nostram
992 2560 1011 2624 ¹.

435 2671 571 2734 Doctor
597 2670 741 2750 quidam
760 2670 961 2748 theologuS,
982 2667 1066 2731 dum
1087 2666 1327 2748 superioribus
1346 2667 1525 2730 mensibus
1547 2667 1604 2730 ad·

374 2794 481 2841 versa
496 2779 673 2840 laboraret
686 2776 900 2855 valetudine,
915 2776 997 2840 licet
1012 2775 1098 2838 mihi
1113 2775 1314 2853 incognitus
1326 2781 1430 2852 esset,
1444 2791 1501 2836 me
1513 2775 1601 2836 invi-

374 2885 429 2962 sit,
444 2901 547 2966 quem
562 2901 643 2947 cum
657 2900 726 2964 ego
737 2884 935 2962 alloquerer
946 2892 981 2946 et
991 2884 1158 2946 nonnulla
1169 2882 1212 2944 de
1222 2882 1318 2943 vitae
1333 2891 1477 2943 nostrae
1488 2881 1604 2944 incer·

374 2994 534 3072 titudine,
551 2992 595 3056 de
609 2991 811 3070 virtutibus
829 2990 872 3054 de
886 3009 968 3054 raro
984 3008 1050 3054 usu
1065 3007 1188 3053 earum
1202 2987 1297 3068 apud
1315 2988 1477 3050 homines
1497 2987 1602 3067 hujus

375 3101 605 3180 tempestatis
623 3099 735 3179 deque
749 3098 976 3162 beatitudinis
987 3096 1145 3177 praemio
1160 3096 1203 3158 iis
1214 3095 1401 3175 promisso,
1417 3095 1477 3173 qui
1493 3095 1605 3158 talen·

375 3217 449 3270 tum
462 3208 526 3270 sub
537 3215 669 3270 terram
681 3224 751 3269 non
764 3204 1043 3282 abscondissent,
1058 3204 1280 3280 dissererem,
1294 3203 1324 3265 is
1335 3201 1422 3264 mihi
1436 3201 1485 3264 ita
1500 3201 1604 3264 satis·

374 3315 458 3378 fecit
477 3324 516 3377 ut
535 3330 659 3378 verum
679 3313 874 3376 israelitam
897 3311 943 3375 ad
963 3329 1019 3374 mc
1039 3311 1179 3374 venisse
1204 3309 1432 3387 crediderim,
1453 3325 1605 3388 cumque

376 3422 420 3484 ab
435 3438 645 3501 unoquoque
657 3420 810 3482 fratrum
823 3427 1026 3481 nostrorum
1042 3417 1293 3483 humanissime
1308 3417 1550 3496 exciperetur,
1567 3427 1602 3478 et

375 3529 411 3591 in
426 3529 592 3592 universa
608 3527 733 3590 domus
747 3527 919 3604 cubicula,
931 3541 1027 3605 quae
1042 3524 1195 3588 invisere
1210 3522 1449 3600 desiderabat,
1467 3539 1507 3585 se
1522 3539 1605 3586 con·
1707 3587 1708 3604 ,

376 3636 523 3715 tulisset,
541 3636 688 3698 lectulos
702 3643 845 3697 nostros
858 3649 964 3713 super
978 3631 1067 3696 duos
1078 3647 1216 3694 asseres
1227 3639 1261 3693 et
1273 3630 1342 3694 duo
1354 3628 1510 3693 scabella
1522 3647 1607 3692 con·
1707 3650 1708 3674 1

376 3743 538 3805 cinnatos
557 3741 705 3820 videret,
726 3756 922 3804 conversus
937 3738 982 3802 ad
996 3739 1110 3817 binoS,
1127 3755 1216 3817 quos
1230 3753 1351 3799 secum
1365 3735 1527 3814 duxerat,
1553 3753 1607 3799 so·
1707 3725 1708 3742 ¹

376 3850 462 3912 cios:
479 3865 534 3924 en,
551 3849 674 3928 inquit,
692 3849 862 3928 optimam
876 3847 973 3910 nacti
986 3861 1108 3908 sumus
1124 3844 1346 3922 concionem;
1364 3844 1432 3906 hac
1452 3843 1550 3906 euim
1571 3843 1606 3906 in

377 3957 482 4020 domo
496 3956 564 4019 hoc
579 3965 652 4018 tam
667 3955 769 4017 brevi
783 3963 942 4034 tempore
960 3953 1039 4032 plus
1057 3951 1270 4032 proiecimus
1291 3967 1399 4030 quarn
1416 3950 1448 4012 si
1467 3949 1609 4030 praedi·

378 4064 510 4126 cationi
524 4061 814 4126 interfuissemus.

437 4169 588 4249 Quidam
603 4169 692 4231 alius
712 4168 848 4232 Doctor
867 4167 1072 4245 theologus,
1093 4165 1277 4245 cuiusdam
1297 4163 1437 4243 collegii
1456 4164 1605 4244 primaS,

378 4294 460 4340 curn
474 4277 582 4340 semel
602 4284 696 4339 esset
715 4275 760 4338 ad
776 4273 904 4354 januas
924 4273 981 4337 sui
998 4273 1155 4352 collegii,
1173 4281 1207 4335 et
1225 4280 1437 4352 procurator
1451 4269 1544 4350 ejus,
1569 4281 1607 4334 ut

377 4393 432 4447 est
446 4383 566 4462 moris,
584 4401 606 4445 a
621 4381 844 4445 scholasticis
858 4381 1039 4444 extraneis
1053 4380 1223 4460 pecunias
1239 4378 1432 4457 colligeret,
1451 4377 1609 4440 animad-
1707 4425 1708 4432 .

419 4591 428 4624 ¹
457 4586 569 4632 “Ollvler
579 4587 693 4641 Manere,
705 4589 737 4630 ne
747 4587 763 4630 a
774 4584 1023 4642 Quincyennrtols,
1039 4595 1070 4627 en
1088 4583 1147 4638 152³,
1164 4583 1247 4627 aduris
1263 4585 1278 4626 a
1294 4583 1368 4626 Paris
1385 4593 1417 4626 en
1435 4581 1495 4636 1⁵50,
1513 4583 1609 4628 morta

378 4661 508 4716 Tournay,
519 4661 542 4704 le
553 4659 580 4703 28
588 4659 727 4703 novembre
740 4657 799 4711 1614ς
810 4656 827 4700 ll
838 4657 942 4711 templit
952 4657 990 4700 les
1005 4655 1114 4710 charges
1129 4655 1160 4698 de
1175 4659 1286 4706 recteur,
1298 4655 1328 4697 de
1339 4654 1494 4708 provincial.
1506 4653 1538 4696 de
1549 4653 1609 4697 vlsi·

378 4739 448 4786 tear,
459 4731 608 4776 d'asslstant
618 4731 683 4774 etde
694 4730 793 4774 vicalre
805 4729 934 4782 general,
944 4727 1090 4782 Dsncincs,
1101 4729 1118 4772 l.
1129 4737 1151 4772 c.
