3400 5532
363 527 418 585 3OE
746 494 917 582 Llrraaaa
936 539 1206 591 Quaonmasraas

425 671 603 752 Superest,
620 669 697 733 Rsst
716 671 752 733 in
767 670 858 750 Xpo.
878 669 994 748 Pater,
1021 680 1061 734 ut
1085 680 1246 734 nostrum
1272 669 1426 732 omnium
1450 669 1592 749 meique

365 777 537 858 imprimis
551 777 757 840 memoriam
772 777 905 841 habeas
923 776 960 840 in
982 777 1199 840 orationibus
1217 777 1302 855 tuiS,
1328 793 1463 856 nosque
1484 775 1592 838 etiam

364 899 428 964 per
443 883 604 964 fratrum,
621 885 681 964 qui
695 884 799 947 isthic
814 893 906 963 sunt,
922 883 1092 964 suffragia
1104 883 1222 964 juvari
1234 882 1370 963 iubeas

425 991 519 1054 Bene
534 991 625 1054 vale.
641 990 721 1053 Kal.
737 990 822 1054 Maii
839 991 926 1054 1551.

425 1097 522 1161 Tuus
537 1097 572 1161 in
588 1097 693 1161 cliro.
710 1097 793 1180 Jesu
808 1097 942 1161 inutilis
956 1097 1048 1160 filius

910 1311 1093 1394 Joannuss
1107 1311 1213 1375 Baar.
1233 1310 1426 1374 Vmcaaus,

858 1951 1099 2037 LXXXIII

420 2295 455 2354 P.
469 2297 616 2370 Joannes
629 2295 778 2371 Baptista
792 2295 915 2356 Borma

454 2394 545 2453 Patri
559 2393 687 2466 ignatio
702 2393 743 2452 de
756 2393 896 2469 Loyola.

490 2491 628 2558 Gandia,
646 2492 659 2549 l
675 2491 753 2566 Maji
768 2493 833 2550 1551
851 2491 871 2549 ¹.
933 2565 937 2572 ι

523 2589 701 2664 (Excerpta
715 2606 756 2648 ex
771 2590 900 2662 litteris)

943 2797 1017 2916 nis

361 3029 402 3074 Ex
412 3029 508 3074 litteris
516 3028 603 3074 Patris
610 3029 754 3085 Baptistae,
763 3031 872 3074 rectoris
880 3029 981 3084 collegii
990 3035 1015 3073 et
1024 3029 1211 3074 Universitatls
1220 3030 1345 3084 Gandlae,
1354 3032 1438 3085 primu
1447 3029 1519 3086 liaji,
1531 3033 1590 3075 1551.

420 3224 565 3290 Fratres
590 3225 701 3288 nostri
726 3225 819 3288 serio
844 3225 968 3288 studiis
990 3225 1209 3304 incumbunt,
1236 3244 1327 3306 quae
1351 3243 1482 3307 magno
1509 3245 1590 3290 cum

359 3333 501 3397 fervore
530 3330 690 3396 Gandiae
712 3339 939 3410 exercentur,
966 3341 1001 3395 et
1025 3331 1110 3395 mihi
1134 3333 1330 3413 persuadeo
1356 3334 1479 3396 nullibi
1504 3351 1588 3414 pro·

360 3457 506 3520 gressus
534 3438 685 3520 majores
711 3439 749 3502 in
775 3439 902 3502 litteris
929 3439 1087 3502 facturos
1115 3457 1193 3503 esse
1221 3441 1399 3503 studiosos
1427 3457 1587 3522 quosque

362 3565 469 3627 quam
496 3546 672 3620 Gandiae,
698 3546 729 3608 si
751 3546 892 3609 illorum
916 3545 1114 3625 frequentia
1138 3547 1245 3625 quieti
1269 3555 1304 3609 et
1339 3549 1587 3612 commoditati

362 3653 560 3718 studiorum
571 3654 811 3732 responderet.
824 3652 930 3716 Domi
942 3653 977 3716 in
988 3653 1216 3717 concionibus
1227 3663 1437 3718 exercentur
1447 3654 1590 3735 fratreS,

362 3769 397 3823 et
421 3761 519 3822 multi
538 3778 583 3824 ex
602 3760 670 3822 illis
688 3777 759 3822 non
783 3759 960 3823 mediocre
982 3761 1028 3823 ad
1053 3759 1088 3824 id
1111 3761 1282 3824 talentum
1303 3761 1469 3825 videntur
1488 3781 1588 3826 acee-

362 3867 467 3947 pisse.
962 3866 966 3876 '

422 3973 461 4036 In
478 3975 627 4036 ecclesia
643 3991 729 4036 vero
744 3983 868 4037 nostra
887 3974 1009 4038 diebus
1030 3974 1216 4039 dominicis
1235 3993 1338 4038 mane
1356 3975 1506 4038 verbum
1522 3975 1588 4039 Dei

362 4081 570 4160 proponitur
587 4079 716 4160 populo
733 4081 988 4158 concionando,
1010 4081 1102 4144 sicut
1123 4100 1145 4145 a
1166 4083 1315 4162 prandio
1335 4082 1377 4145 de
1395 4083 1592 4147 christiana

362 4188 524 4251 doctrina
556 4187 688 4267 aliquid
712 4189 938 4268 exponendo:
959 4189 1051 4269 quod
1075 4198 1234 4268 praestat
1258 4189 1426 4268 magister
1446 4189 1590 4253 Benedi-

362 4305 441 4358 ctus
455 4294 466 4326 ¹
482 4295 538 4358 cui
549 4295 823 4374 praedicationis
843 4294 975 4360 donum
988 4313 1059 4360 non
1079 4297 1228 4376 vulgare
1247 4315 1267 4358 a
1286 4295 1363 4361 Deo
1383 4313 1592 4360 concessum

362 4410 426 4465 est.
439 4401 506 4466 Hic
517 4402 600 4464 licet
614 4401 840 4464 humaniores
853 4403 990 4466 litteras
1004 4403 1226 4483 profiteatur,
1240 4403 1276 4467 in
1287 4403 1527 4484 spiritualibus
1541 4413 1592 4466 ta·

403 4609 410 4641 ¹
440 4607 581 4661 Exemplar
591 4617 607 4650 a
618 4605 646 4649 Ρ.
656 4605 788 4650 Bernardo
803 4605 916 4652 oliverio
927 4608 1070 4654 coniectum
1081 4615 1106 4652 et
1116 4620 1132 4653 a
1143 4609 1168 4653 P.
1179 4609 1289 4653 Polnnco
1300 4619 1375 4653 manu
1385 4610 1491 4664 propria
1504 4619 1598 4680 emen,

361 4680 486 4723 datumin
497 4678 566 4732 lolio,
577 4680 617 4722 cul
628 4679 688 4722 olim
698 4689 722 4723 n.
733 4679 780 4728 tit.
790 4689 855 4722 nunc
865 4680 899 4723 78.

401 4749 413 4781 θ
442 4750 595 4794 Benedictus
607 4749 721 4794 Perelra.
