3400 5532
335 549 390 608 292
720 547 890 604 erranue
910 561 1180 614 quaomuasrnas

336 703 453 756 mento
473 693 631 774 currenti
650 709 727 754 esse
747 692 960 771 potuissent,
980 689 1026 753 ad
1040 708 1105 752 nos
1125 696 1180 753 est'
1192 707 1376 770 reversuS,
1392 700 1569 771 perpetuo

333 799 477 862 Christo
493 799 577 881 Jesu
592 799 825 878 mancipatus.

394 904 531 968 Deinde
552 906 641 968 alios
662 905 765 978 (inter
791 905 909 985 plures
933 904 993 983 qui
1017 903 1053 966 id
1072 903 1277 982 efflagitant)
1297 903 1387 966 duos
1409 901 1566 980 admisit,

333 1011 394 1092 qui
414 1011 502 1074 adeo
525 1011 654 1073 bonam
676 1011 719 1074 de
738 1027 776 1073 se
791 1010 985 1090 praebuere
1002 1019 1147 1073 nostrae
1162 1007 1378 1072 Academiae
1393 1025 1508 1089 spem,
1526 1018 1568 1071 ut

332 1119 489 1181 omnium
512 1116 585 1180 iere
607 1119 729 1180 oculos
754 1118 791 1180 in
814 1134 853 1180 se
872 1117 1126 1180 converterint:
1144 1117 1294 1179 alterum
1307 1115 1564 1192 Licenciatum,

335 1205 548 1288 ildefonsum
563 1225 738 1304 Lupuma
759 1224 921 1288 Navarra
943 1221 963 1301 ¹,
985 1223 1044 1304 qui
1066 1241 1160 1287 anno
1180 1231 1362 1286 transacto
1384 1223 1567 1286 exercitiis

332 1331 448 1394 iuerat
465 1331 639 1409 initiatuS,
656 1341 690 1394 et
704 1333 811 1411 longa
825 1339 1010 1412 parentum
1026 1339 1151 1394 catena
1166 1330 1337 1408 irretitus,
1360 1330 1422 1392 vix
1443 1339 1566 1409 potue-

333 1448 389 1502 rat
404 1437 478 1519 ejus
494 1439 607 1502 nodos
621 1439 866 1518 subterfugere
877 1455 885 1515 ;
898 1455 992 1502 nunc
1003 1454 1102 1516 vero,
1120 1437 1282 1500 omnibus
1296 1437 1473 1517 superatis
1486 1453 1565 1516 pro·

331 1546 445 1622 celliS,
468 1545 504 1608 in
529 1555 669 1625 portum
694 1563 732 1608 se
756 1545 900 1625 recepit.
921 1542 1022 1609 Alter
1046 1552 1101 1606 est
1120 1542 1293 1623 Aegidius
1316 1541 1494 1605 Gonsalus
1520 1541 1564 1604 de

333 1653 439 1715 Avila
454 1650 477 1731 ¹,
494 1652 677 1716 rarissimo
692 1652 835 1731 ingenio
850 1669 893 1714 ac
908 1667 1047 1714 morum
1061 1649 1228 1713 facilitate
1244 1658 1278 1712 et
1292 1649 1479 1712 suavitate.
1495 1649 1564 1712 Hic

330 1759 507 1822 decimum
527 1767 695 1822 octavum
715 1774 825 1837 agens
841 1775 989 1836 annum,
1007 1775 1175 1820 romanae
1195 1765 1229 1819 et
1247 1772 1400 1836 graecae
1419 1755 1567 1834 linguae

329 1883 477 1945 gnarus,
499 1865 719 1928 dialecticem
737 1875 772 1928 et
790 1864 976 1945 physicem
995 1863 1153 1941 edidicit,
1170 1881 1213 1926 ac
1228 1861 1340 1926 sacris
1360 1862 1567 1942 theologiae

329 1971 456 2034 studiis
471 1972 676 2052 parabatur,
693 1981 727 2034 et
742 1971 923 2051 utriusque
937 1971 1080 2051 linguae
1094 1971 1194 2050 poesi
1214 1969 1366 2033 felicitnr
1385 1971 1564 2046 excultuS,

328 2078 457 2158 quibus
472 2078 558 2141 solis
573 2078 831 2159 quodammodo
843 2087 947 2141 natus
962 2076 1158 2140 videbatur.
1175 2075 1221 2140 Hi
1240 2075 1325 2155 duo,
1348 2076 1431 2139 licet
1451 2092 1566 2155 angu-

329 2185 419 2248 stiae
433 2184 535 2248 nobis
550 2185 766 2248 conveniant
780 2184 944 2264 undique,
959 2182 1054 2246 domi
1068 2191 1212 2247 nostrae
1226 2191 1444 2246 manserunt.

392 2291 439 2354 At
453 2308 534 2354 cum
547 2303 675 2354 natura
689 2308 819 2370 parens
834 2291 1044 2353 charitatem
1059 2290 1095 2352 in
1107 2290 1237 2352 liberos
1252 2289 1457 2369 parentibus
1474 2288 1565 2352 indi·

328 2397 420 2460 derit
436 2397 734 2474 ardentissimam,
751 2397 811 2460 ubi
825 2405 944 2477 patres
958 2393 970 2426 ³
984 2395 1127 2475 Aegidii
1145 2413 1221 2460 rem
1240 2407 1361 2476 aperte
1380 2396 1564 2459 intellexe-

329 2513 427 2581 runt,
449 2503 518 2566 huc
539 2522 576 2566 se
595 2512 806 2584 receperunt
826 2520 871 2565 ex
889 2503 1005 2583 patria
1025 2501 1148 2565 Toleto
1170 2502 1346 2582 proxima.
1368 2501 1567 2581 Egregium

329 2626 416 2672 sane
443 2611 687 2689 spectaculum
713 2610 846 2690 probus
881 2608 1088 2673 adolescens
1121 2609 1223 2672 nobis
1258 2608 1561 2688 conspicientibus

332 2715 442 2794 dedit,
467 2717 526 2796 qui
552 2717 671 2788 tristes
696 2717 821 2779 matris
845 2715 1050 2795 lachrymas
1076 2716 1381 2795 moestissimaque
1405 2716 1563 2778 lamenta

329 2821 435 2884 siccis
450 2822 562 2885 oculis
577 2823 850 2902 contemplatus,
866 2838 968 2885 suam
981 2821 1119 2902 aperuit
1133 2821 1182 2885 illi
1201 2830 1355 2884 mentem
1370 2821 1563 2900 tranquillo

330 2929 430 2991 vultu
444 2927 616 3009 firmoque
631 2929 753 3007 corde,
770 2928 947 3009 pollicitus
960 2927 1047 2991 nihil
1061 2927 1127 3004 sibi
1145 2944 1223 2991 esse
1243 2927 1280 2990 in
1302 2927 1405 2990 rebus
1429 2928 1564 2991 certius

330 3052 436 3114 quam
450 3034 527 3098 Deo
543 3035 678 3098 servire
700 3044 807 3115 atque
825 3035 970 3114 obsequi
991 3035 1026 3097 in
1046 3036 1113 3096 hac
1133 3033 1310 3098 societate
1329 3031 1404 3112 ejus
1424 3035 1561 3098 nomini

327 3151 549 3205 consecrata.
568 3140 662 3221 Quid
676 3142 820 3220 multa?;
836 3141 1012 3222 persuasit
1026 3157 1197 3221 praesens
1211 3139 1302 3204 filius
1320 3149 1359 3203 ut
1377 3141 1562 3204 absentem

329 3248 460 3311 habere
475 3248 607 3311 mallet.
625 3248 755 3311 Abiere
770 3257 890 3328 patres
905 3247 1004 3323 laeti,
1025 3254 1195 3327 quantum
1212 3247 1422 3327 apparebat,
1443 3247 1560 3310 nobis-

326 3371 421 3434 cum,
438 3354 468 3417 si
482 3353 649 3433 licuisset,
666 3353 733 3417 Dei
749 3355 926 3434 obsequiis
939 3354 1102 3434 parituri.

389 3460 478 3525 Tres
492 3472 676 3541 praeterea
692 3461 934 3525 adolescentes
945 3460 983 3523 P.
1004 3459 1194 3523 Villanova
1213 3459 1355 3523 admisit
1374 3460 1474 3524 hisce
1489 3461 1563 3525 die·

331 3569 412 3648 bus;
428 3585 551 3632 eorum
566 3569 654 3632 duos
670 3568 886 3647 theologiam
900 3567 1083 3630 audituros
1098 3566 1274 3632 Gandiam
1293 3567 1403 3647 misit;
1422 3568 1560 3632 artibus

329 3676 425 3739 enim
448 3675 650 3739 liberalibus
674 3675 864 3755 linguaque
881 3673 1042 3738 Romana
1062 3674 1149 3737 satis
1168 3673 1376 3754 abundeque
1395 3675 1563 3738 instructi

332 3790 415 3844 sunt
429 3779 452 3840 ⁸.
469 3781 620 3862 TertiuS,
636 3781 788 3862 Ripalda
801 3781 943 3845 nomine
955 3779 1042 3879 lest,
1058 3779 1158 3860 cujus
1172 3797 1218 3844 ex
1229 3781 1346 3844 indole
1357 3791 1391 3844 et
1403 3781 1560 3861 ingenio,

333 3943 547 3960 A*

337 4071 338 4080 ¹
374 4055 381 4088 l
412 4053 478 4098 Vide
490 4057 708 4111 supra,pag.2ld.

370 4131 381 4160 ²
412 4128 536 4182 Aegidius
554 4127 700 4171 Gonsalvus
716 4129 747 4172 de
764 4130 852 4183 Avila,
870 4129 1002 4183 hispanice
1019 4128 1062 4172 Ga
1073 4127 1204 4171 &nautea
1214 4127 1324 4180 deila,
1334 4135 1410 4171 natus
1427 4129 1452 4171 ln
1468 4130 1561 4185 oppido

332 4200 453 4254 Burnjon,
471 4200 620 4253 provinciae
638 4205 664 4242 et
681 4200 827 4244 dioeceseos
838 4199 986 4251 Toletanae,
1005 4211 1053 4242 non
1072 4197 1192 4253 BuroJon,
1208 4203 1236 4242 ut
1253 4198 1278 4242 in
1293 4199 1432 4243 novissima
1449 4200 1561 4245 editione

331 4261 417 4326 operis
433 4269 549 4313 Varones
561 4269 671 4313 ilustres
680 4271 713 4313 de
723 4271 749 4313 la
761 4271 907 4326 Campania
917 4271 950 4314 de
959 4271 1050 4326 Jesrts,
1058 4277 1075 4314 t.
1086 4281 1140 4323 rur,
1155 4279 1215 4324 pag.
1232 4269 1375 4313 ata-vide
1393 4269 1421 4312 P.
1439 4269 1560 4315 Cunrsro-

330 4354 380 4386 aaa
396 4353 428 4386 oa
447 4342 560 4392 Casruo,
578 4341 699 4385 Historia
717 4343 761 4386 del
781 4343 882 4396 Colegtn
897 4343 930 4387 de
946 4343 973 4386 la
992 4341 1137 4396 eompaata
1152 4341 1185 4386 de
1196 4341 1279 4397 Jesus
1292 4341 1325 4386 de
1342 4340 1449 4392 Alcalrt,
1464 4343 1508 4386 lib.
1525 4354 1560 4392 ut.

332 4425 346 4456 c
384 4445 389 4458 .
427 4443 433 4456 .

348 4425 382 4516 at}
400 4413 543 4528 ¹12³ttrentes.
556 4483 703 4538 hispanice,
715 4485 774 4528 dum
786 4485 816 4528 de
826 4491 901 4539 patre
919 4491 945 4528 et
962 4491 1055 4537 matre,
1064 4485 1150 4540 padre
1157 4495 1175 4539 y
1189 4485 1291 4536 urrudre,
1305 4495 1388 4528 sermo
1405 4491 1452 4538 eat,
1465 4485 1560 4530 dicitur

369 4557 440 4598 dres.

329 4563 381 4661 pa*
409 4626 504 4670 Eorum
516 4637 581 4670 unus
591 4633 649 4670 erat
666 4626 694 4670 P.
712 4626 823 4671 Michael
840 4627 978 4680 Goblerno,
994 4629 1066 4683 cujus
1079 4634 1156 4682 gesta
1165 4627 1224 4672 vide
1235 4628 1259 4672 ln
1270 4637 1347 4682 opere
1364 4626 1482 4670 Varones
1498 4627 1561 4669 ilus

328 4703 386 4742 tres
398 4699 431 4742 de
442 4699 468 4740 la
480 4698 625 4752 comparata
637 4698 669 4741 de
679 4698 770 4753 sestis,
780 4699 879 4752 Bilbuo,
891 4700 951 4753 1891,
962 4707 981 4743 t.
992 4711 1035 4751 vu,
1045 4711 1105 4754 pag.
1115 4701 1163 4744 312

368 4770 380 4802 ⁸
409 4770 435 4812 Ρ.
448 4768 619 4826 Hieronymus
634 4769 665 4812 de
680 4768 800 4824 Ripalda,
817 4770 847 4813 de
858 4781 907 4824 quo
917 4770 976 4814 vide
994 4769 1081 4815 Patris
1096 4770 1256 4815 Cuntsronnu
1267 4769 1425 4818 urciano.
1437 4767 1558 4812 Historia
