3400 5532
364 493 418 548 hl-'l
752 490 922 546 Lnraeas
941 503 1211 555 ouanrenrusrnns

367 636 443 698 Hoc
462 636 556 699 enim
574 635 655 698 rudi
672 635 787 698 medio
806 635 997 715 plurimum
1020 633 1126 698 modo
1150 633 1365 698 fructificant
1385 634 1421 696 in
1440 633 1593 698 diversis

365 743 499 824 Indiae,
520 741 749 824 Aethiopiae,
774 749 854 820 etc„
878 741 1047 823 partibus¹
1072 739 1365 822 Quandoquidem
1389 757 1477 820 ergo
1503 740 1594 802 haec

364 849 524 913 Societas
537 859 610 913 tam
625 858 679 913 est
698 857 823 912 sancta
842 856 877 912 et
891 849 1084 928 excellens,
1100 865 1172 912 nou
1186 847 1315 912 mirum
1335 847 1366 910 si
1387 849 1521 912 multos
1534 847 1594 910 ha·

365 957 447 1020 beat
463 956 699 1020 adversarios
712 955 889 1020 Existimo
903 964 1022 1019 autem
1037 955 1131 1036 quod
1145 955 1287 1036 plurimi
1301 954 1419 1036 potius
1434 973 1480 1017 ex
1495 955 1593 1034 igno-

365 1064 498 1142 rantia,
515 1081 621 1144 quam
636 1063 729 1127 malo
751 1063 869 1144 aliquo
892 1062 1064 1127 animose
1083 1070 1338 1142 opposuertmt,
1362 1061 1491 1142 quibus
1513 1079 1597 1125 cum

364 1171 454 1234 haec
474 1171 705 1250 innotuerint,
727 1187 832 1250 spero
858 1170 952 1251 quod
976 1168 1071 1232 aliud
1095 1177 1130 1232 et
1151 1168 1277 1232 melius
1295 1168 1340 1232 dc
1358 1168 1493 1232 sanctis
1518 1169 1596 1232 istis

364 1277 445 1341 filiis
464 1277 617 1341 sentient
642 1285 677 1340 et
698 1276 916 1358 iudicabunt.
944 1274 984 1340 Si
997 1276 1058 1358 qui
1075 1293 1163 1339 vero
1184 1276 1240 1339 his
1259 1293 1298 1339 se
1319 1293 1498 1356 opponere
1519 1293 1596 1356 per·

363 1393 463 1464 gant,
476 1402 547 1448 non
562 1384 707 1448 dubium
721 1393 775 1448 est
790 1383 874 1465 quin
887 1385 1048 1464 graviter
1059 1383 1253 1447 Dominum
1268 1381 1384 1446 Deum
1399 1382 1594 1461 offendant,

365 1491 425 1572 qui
438 1493 504 1555 hos
515 1501 589 1555 tarn
599 1491 827 1571 singulariter
837 1492 968 1572 eligere
980 1490 1146 1571 dignatus
1159 1498 1225 1553 est.
1238 1488 1290 1554 Sit
1301 1490 1377 1570 ipse
1389 1489 1596 1554 benedictus

363 1599 400 1662 in
413 1600 636 1662 saeculorum
649 1598 804 1662 saecula.
820 1598 947 1662 Amen.
1348 1681 1351 1688 Ι

423 1707 527 1774 Ecce,
543 1705 650 1769 Pater
664 1703 751 1783 Rae,
768 1705 857 1768 haec
872 1712 925 1768 est
939 1721 1078 1768 summa
1092 1704 1208 1768 dictae
1223 1705 1416 1784 concioniS,
1433 1721 1506 1785 qua
1520 1704 1594 1768 fini-

364 1823 412 1892 ta,
425 1813 493 1877 ieci
508 1814 675 1892 indignus
689 1812 947 1894 professionem
960 1830 1059 1876 more
1073 1811 1271 1877 Societatis.
1285 1813 1325 1876 In
1338 1812 1490 1894 prandio
1505 1810 1595 1891 eius·

364 1921 444 1984 dem
466 1919 535 1984 diei
559 1919 664 1984 valde
688 1919 889 1983 humaniter
908 1919 1074 1984 invitavit
1095 1927 1130 1982 et
1152 1921 1306 2001 suscepit
1325 1937 1391 1984 nos
1413 1929 1448 1984 et
1470 1937 1596 1983 omnes

363 2028 493 2092 fratres
517 2027 562 2091 D.
584 2027 763 2091 Decanus.
785 2027 918 2090 Audivi
942 2026 1070 2106 omnia,
1087 2027 1124 2090 in
1143 2026 1362 2107 professione
1385 2023 1460 2105 jam
1484 2026 1593 2102 dicta,

363 2153 444 2199 eum
459 2135 548 2198 mira
564 2134 808 2198 aedificatione
823 2151 901 2197 esse
916 2143 1008 2198 acta.
1024 2133 1135 2198 Immo
1156 2133 1234 2196 istis
1253 2131 1376 2197 diebus
1395 2133 1487 2196 dixit
1507 2133 1595 2196 mihi

362 2243 587 2306 Licenciatus
598 2227 752 2322 quidam,
765 2241 870 2305 valde
884 2242 921 2304 in
935 2241 1176 2322 spiritualibus
1191 2242 1363 2321 curiosuS,
1376 2241 1465 2304 nihil
1478 2258 1595 2321 neque

363 2351 441 2429 plus
459 2367 573 2429 neque
592 2348 709 2412 minus
730 2348 925 2412 desiderari
944 2365 1059 2428 posse.
1083 2348 1186 2427 Quod
1205 2364 1292 2411 sane
1311 2365 1382 2412 non
1407 2348 1592 2426 miramur,

363 2457 448 2537 quia
462 2457 537 2519 sine
553 2465 676 2520 nostra
690 2456 925 2520 sollieitudine
940 2456 1016 2537 ipse
1030 2454 1205 2518 Dominus
1219 2454 1318 2518 Deus
1337 2455 1457 2517 omnia
1477 2455 1594 2517 suavi·

363 2572 417 2626 ter
436 2562 608 2643 disposuit
628 2572 664 2626 et
684 2563 824 2627 direxit.
844 2563 915 2643 Ipsi
935 2565 1029 2642 lauS,
1049 2563 1165 2626 honor
1190 2571 1224 2625 et
1248 2561 1362 2641 gloria
1387 2562 1424 2624 in
1448 2563 1594 2624 saecula

363 2670 598 2734 saeculorum.
615 2671 743 2733 Amen.
759 2668 815 2732 De
828 2670 885 2733 his
899 2685 985 2749 ergo
1001 2671 1099 2734 satis

424 2777 582 2857 Contigit
596 2777 838 2857 superioribus
857 2777 1053 2856 mensibuS,
1075 2775 1256 2854 videlicet,
1278 2785 1358 2856 post
1378 2776 1536 2856 pascha,
1561 2786 1598 2838 ut

364 2892 531 2964 parentes
546 2901 650 2946 senes
666 2881 675 2914 ¹
689 2885 806 2947 nostri
820 2883 1022 2948 charissimi
1035 2884 1072 2947 in
1086 2883 1150 2946 X.⁰
1170 2883 1291 2947 fratris
1312 2881 1461 2962 Rugerii
1480 2883 1593 2946 mitte·

363 3003 442 3054 rent
457 2991 639 3054 lovanium
651 2991 740 3053 duos
754 3008 800 3053 ex
810 2990 979 3054 iratribus
990 2989 1148 3069 Rugerii,
1162 2990 1324 3054 omnibus
1335 2989 1450 3052 modis
1466 2990 1598 3070 suppli·

364 3106 487 3162 cantes
507 3106 546 3161 ut
570 3096 766 3176 Rugerium
790 3097 1075 3176 permitteremus
1098 3097 1222 3160 venire
1246 3097 1283 3159 in
1301 3097 1471 3176 patriam,
1494 3113 1598 3160 occa-

365 3205 463 3268 sione
477 3204 713 3285 primitiarum
727 3203 849 3267 fratris
864 3204 929 3283 sui,
947 3204 1103 3267 dicentes
1118 3220 1253 3266 seeum
1266 3203 1359 3266 nolle
1374 3202 1548 3282 impedire
1563 3203 1599 3266 in

366 3330 430 3375 sua
445 3312 633 3376 vocatione
648 3317 683 3373 et
698 3310 838 3374 similia.
856 3309 1107 3374 Concessimus
1123 3310 1185 3372 eis.
1201 3309 1269 3372 Ivit
1283 3325 1369 3388 ergo
1384 3309 1421 3371 in
1443 3310 1604 3389 patriam

365 3419 553 3499 RugeriuS,
570 3417 629 3482 ubi
643 3417 829 3497 promissis
843 3435 915 3482 non
929 3416 1068 3496 stand0,
1085 3425 1263 3497 parentes,
1280 3416 1386 3480 amici
1398 3415 1507 3479 etalii
1520 3433 1604 3479 eum

366 3545 387 3588 a
403 3543 467 3589 suo
482 3525 644 3589 instituto
660 3541 835 3588 revocare
848 3523 1052 3587 nitebantur
1066 3532 1173 3604 utque
1188 3523 1295 3586 aliam
1317 3523 1435 3603 potius
1458 3523 1603 3602 religio·

367 3649 448 3696 nem
476 3633 638 3695 intraret.
667 3631 851 3695 Postremo
880 3631 1133 3694 consuluerunt
1161 3630 1349 3711 quemdam
1377 3630 1601 3708 religiosum,

367 3741 523 3819 priorem
544 3739 675 3814 (credo)
703 3737 865 3801 coenobii
884 3737 1082 3817 qu'usdam,
1104 3753 1230 3800 sacrae
1252 3736 1455 3815 theologiae
1474 3735 1604 3800 bacca-

368 3850 543 3926 laureum,
561 3844 659 3925 cujus
682 3846 895 3909 resolutione
914 3861 1021 3925 super
1041 3845 1109 3909 hac
1129 3861 1167 3908 re
1186 3841 1322 3922 audita,
1345 3843 1464 3907 omnia
1483 3843 1604 3906 denuo

370 3953 468 4016 suere
484 3953 643 4031 inversa;
660 3952 762 4016 etsie
777 3949 968 4032 RugeriuS,
989 3950 1124 4014 relictis
1144 3949 1367 4031 parentihuS,
1388 3956 1523 4012 statuto
1546 3949 1606 4010 die

370 4060 473 4124 rediit
487 4060 602 4123 laetus
617 4060 653 4122 in
668 4058 837 4134 Domino,
859 4075 994 4122 memor
1016 4066 1162 4121 sanctae
1181 4056 1402 4120 obedientiae
1422 4063 1457 4118 et
1476 4056 1605 4118 verbo-

371 4183 450 4229 rum
462 4166 622 4242 Domini;
640 4164 713 4244 Qui
725 4182 796 4228 non
811 4164 886 4228 odit
896 4170 1059 4244 patrem,
1074 4173 1140 4228 etc.
1158 4161 1284 4228 Dictus
1298 4180 1384 4226 vero
1400 4159 1607 4242 Religiosus

371 4273 513 4353 scripsit
528 4273 574 4336 ad
587 4272 779 4351 magistros
794 4281 952 4349 nostros,
969 4269 1134 4334 doctores
1149 4286 1275 4333 sacrae
1289 4269 1490 4348 theologiae
1505 4270 1607 4332 lova-

372 4380 522 4458 nienses,
545 4387 584 4442 ut
603 4394 706 4441 suum
725 4378 768 4441 de
787 4378 888 4442 nobis
905 4378 1077 4459 judicium
1096 4377 1165 4459 ipsi
1188 4375 1484 4454 transcriberent,
1508 4377 1608 4456 quod

372 4486 519 4550 libenter
533 4485 704 4564 iecerunt,
720 4493 754 4548 et
769 4485 897 4548 harum
911 4486 1108 4549 litterarum
1123 4485 1324 4566 exemplum
1339 4483 1397 4546 hic
1412 4481 1606 4562 subjungo:

415 4653 424 4686 Ι
453 4652 556 4696 Detrita
567 4658 607 4697 est
623 4653 716 4698 charta
730 4659 756 4698 et
771 4653 863 4697 lncertl
881 4665 968 4698 sumus
986 4665 1019 4698 au
1036 4664 1115 4698 senes
1133 4653 1259 4708 scriptum
1275 4651 1356 4696 sitan
1375 4651 1444 4694 allud
1461 4649 1560 4700 simile:
1579 4662 1609 4693 se·

373 4732 462 4769 tamen
472 4724 634 4780 perspicuum
645 4732 693 4768 est.
