935 1458
349 162 381 176 Ax.
392 162 427 175 1517&
669 164 692 176 207

89 202 116 213 nuc
126 197 171 213 aliud
182 197 200 213 in
211 201 233 213 eo
243 197 356 213 considerare
366 197 415 217 potui
425 197 472 218 quod
482 197 524 213 mihi
535 197 636 217 displiceret
643 202 697 218 quam

89 224 128 244 quod
135 228 169 240 non
177 224 234 244 potuit
241 224 301 244 legere
309 224 362 240 horas
369 226 389 239 ut
395 223 506 240 satisfaceret
514 224 614 244 praeceptis
619 226 637 240 et
644 228 695 244 regu-

89 251 105 266 li<
114 250 153 266 suis.
164 250 196 266 Est
205 253 223 266 et
235 250 333 267 saecularis
343 250 415 271 quidm
424 250 508 266 sacerdos
521 250 600 271 ejusdem
609 251 668 271 oppidi
678 254 695 267 et

88 278 146 297 aliquot
158 277 188 293 alii
198 277 289 297 utriusque
302 281 363 296 sexus.
377 277 415 297 qui,
426 279 445 293 ut
456 277 502 293 dixit
514 277 556 293 mihi
568 277 627 297 Prior,
640 278 696 294 miras

88 304 170 324 patiuntur
179 304 298 320 revelationes
308 306 325 320 et
335 304 399 324 viginti
409 304 461 320 annis
472 304 520 324 passi
532 306 579 324 sunt,
593 304 638 320 mira
648 304 695 320 bona

88 331 206 351 prophetantes
219 330 241 346 de
254 331 288 347 hnc
300 333 361 347 nostra
373 330 471 350 Societate;
486 331 504 347 in
517 330 580 351 quihus
591 331 625 347 hoc
638 331 695 347 solum

87 357 168 377 displicuit
178 357 230 377 mihi,
241 357 288 377 quod
298 357 355 373 dictus
366 357 458 377 sacerdos,
469 357 512 373 satis
522 361 585 377 senex,
596 358 647 374 nives
654 362 695 373 con-

87 387 146 400 stanter
154 386 171 400 et
178 387 228 400 certo
235 384 327 404 promittat
335 384 385 400 brevi
390 396 394 404 ,
402 384 456 400 immo
463 384 569 404 quandoque
576 387 644 400 certum
652 387 694 400 tem⁴

89 415 114 430 pus
121 410 221 430 nominans,
230 410 320 431 quodiam
327 415 380 431 saepe
387 410 455 430 fefellit,
464 412 481 426 et
489 411 583 431 quemdam
592 413 694 431 venturum,

87 437 111 457 qui
118 437 170 453 etiam
177 441 231 457 supra
239 437 335 457 Apostolos
346 437 413 453 clareat
424 437 518 457 prodigiis,
529 437 592 457 signis,
605 438 695 454 miraculis

87 467 100 479 et
107 464 191 483 doctr-iun,
200 464 229 480 eui
237 468 299 480 omnes
306 468 317 479 a
324 464 402 480 maximo
409 468 464 483 usque
476 464 499 480 ad
507 464 598 480 minimum
608 467 695 485 cogentur

87 491 160 510 obedire,
168 491 198 511 qui
208 495 270 506 omnes
277 490 331 506 libere
341 490 458 510 reprehendet
468 493 485 506 et
497 490 609 509 reformabin
618 493 635 507 et
642 491 695 511 hujus

88 517 123 533 dicti
132 517 166 533 viri
176 517 289 537 coadjutores
299 519 358 533 essent
367 517 408 533 fres.
419 517 484 536 nostri:
494 520 511 533 et
524 517 585 533 dicunt
597 522 616 533 se
629 522 694 538 coguo-

88 548 129 560 sccre
136 544 154 560 in
162 544 225 564 spiritu
233 544 261 560 cui
269 543 356 560 Dominus
363 546 431 560 tantam
438 544 518 560 infundet
529 544 612 564 gratiam,
620 544 648 560 De
656 545 694 560 isti,-

87 571 182 590 simpliciter
189 571 226 586 dixi
233 570 281 591 quod
288 570 358 591 quidem
365 574 417 590 spero
423 575 455 590 per
460 570 493 586 Dei
499 571 577 590 gratiam
585 571 694 587 reformatio-

88 601 120 613 nem
127 597 226 617 Ecclesiae,
235 597 266 613 sed
273 597 321 617 quod
328 601 349 613 eo
356 597 408 613 modu
416 597 465 613 fieret
473 601 501 613 me
508 602 543 613 non
555 597 635 617 credere,
643 600 661 613 et
669 598 693 613 ita

88 629 109 639 mc
117 624 205 640 substraxi
216 624 239 640 ab
249 624 295 642 istis.
308 628 375 640 memor
386 624 480 640 verborum
490 624 570 640 Domini:
581 624 613 644 qui
621 628 656 640 non
666 626 694 640 est

88 652 142 666 muira
149 655 191 670 τος,
199 650 289 666 vobt'smm
296 652 334 670 ests·
341 653 358 666 et
365 650 407 666 veni
415 650 552 666 Amstelodamis
560 653 577 666 et
585 650 608 666 ibi
616 651 693 671 hospitio

88 680 171 698 susceptus
181 677 206 693 fui
216 681 227 693 a
237 679 308 697 pastore
321 677 384 693 summi
394 677 463 697 templi,
474 677 497 693 M⁴
506 677 606 697 Florentio,
617 678 645 693 cui
652 678 695 693 olim

88 704 225 720 cohabitaverant
234 704 318 724 [munii.
330 707 347 720 et
359 704 400 720 iude
411 704 470 720 statim
481 704 534 720 invisi
544 704 640 720 Dominum
650 704 695 720 Can·

88 731 135 750 nium,
148 731 256 747 confratrem
270 731 342 747 Domini
354 730 431 747 Cornelii
442 730 452 750 ¹,
466 735 517 751 quem
528 731 565 751 jam
578 736 630 751 spero
642 731 694 747 vobis

88 758 149 777 adesse,
160 758 231 774 doctum
242 757 337 773 admodum
349 758 407 774 virum
420 760 438 773 et
448 760 537 778 pastorem
547 758 638 778 cujusdam
645 758 694 778 pag-i.

88 785 111 803 qui
121 784 171 800 valde
181 784 281 800 humaniter
292 784 310 800 in
319 784 395 800 Domino
405 788 438 800 nos
449 784 526 805 suscepit
537 787 555 800 et
565 784 610 800 dixit
620 789 639 800 se
649 789 694 805 pene

88 811 125 826 issiu:
132 811 185 827 animi
191 816 231 827 esse
239 811 268 831 qui
275 811 318 827 velit
326 811 375 831 sequi
383 811 478 827 Dominum
486 811 567 827 Crocum.

111 837 130 853 Et
144 837 183 854 inde
198 837 260 853 eodem
272 837 301 853 die
313 837 382 853 rediens
395 837 541 857 Amstelodamis,
558 838 609 853 alteri
621 837 692 854 cuidam

88 865 135 883 probo
143 867 159 880 et
166 865 219 880 docto
227 864 316 880 sacerdoti
323 864 405 885 loquutus
412 868 459 884 sum,
468 864 498 884 qui
508 864 552 880 dixit
562 869 581 880 se
593 864 693 881 Lovanium

88 893 171 907 venturum
179 894 197 907 et
207 894 330 911 suscepturum
342 891 433 907 exercitia.
444 891 516 907 Interim
528 893 586 907 tamen
597 891 616 907 hi
626 891 694 907 domini

87 920 182 937 exspectant
192 918 261 934 litteras
270 917 341 933 Domini
350 917 409 937 Croci,
422 917 510 938 quomodo
521 918 604 933 videlicet
615 918 649 938 ipsi
656 922 695 934 suc-

87 944 137 959 cedat.
145 944 206 960 Pastor
214 948 291 964 quoque.
299 944 364 964 hospes
372 948 429 963 meus.
438 944 512 960 multum
520 944 595 960 afficitur
602 944 694 964 Societati,

87 970 107 985 itu
119 973 136 986 ut
146 971 188 987 bene
200 971 223 986 de
235 971 273 991 ipso
286 973 416 991 exspectarem,
428 971 462 987 nisi
475 971 556 987 timerem
567 975 603 987 non
618 975 695 991 parvam

87 998 219 1013 commotionem.
231 997 265 1013 Sed
275 997 362 1013 Dominus
372 997 423 1018 Jesus
434 997 479 1013 bene
492 999 510 1013 et
522 998 601 1014 suaviter
612 997 695 1017 dignetur

88 1024 140 1039 omnia
147 1024 245 1044 disponere.
254 1024 321 1040 Audivi
330 1024 394 1040 ibidem
402 1024 532 1039 confessionem
543 1024 594 1047 unius
604 1024 695 1044 praecipui

88 1051 183 1067 mereatoris
189 1050 265 1070 jacentis
272 1050 290 1066 in
297 1050 380 1066 extremis
386 1063 390 1069 ,
402 1055 411 1066 a
423 1050 482 1066 multis
492 1053 566 1070 rogatus
575 1053 593 1066 et
604 1055 615 1066 a
624 1053 696 1071 pastore

88 1081 151 1097 quoque
161 1078 262 1097 insrigatus.
273 1077 303 1097 qui
314 1078 367 1093 etiam
379 1077 415 1097 jam
428 1077 476 1093 obiit.
490 1077 577 1093 Dominus
590 1078 695 1094 misereatur

88 1104 151 1119 animae
158 1104 198 1124 ejus.
205 1104 291 1120 Omnibus
297 1108 341 1124 pene
347 1104 370 1120 ibi
376 1107 428 1120 notus
434 1104 458 1120 sui
466 1106 537 1124 praeter
543 1104 694 1124 exspectationem

89 1131 151 1146 ratione
162 1131 266 1151 amicorum;
279 1131 310 1147 sed
322 1135 356 1151 ego
366 1131 484 1151 protestabar,
500 1131 553 1147 immo
563 1131 621 1151 potius
634 1134 696 1151 pastor

90 1160 124 1172 mco
137 1158 211 1177 nomine,
225 1158 272 1178 quod
284 1158 331 1176 illos,
345 1157 374 1177 qui
388 1162 415 1173 me
429 1157 498 1173 ratione
513 1160 581 1173 tantum
595 1158 692 1174 amicorum

109 1217 111 1223 ¹
125 1216 177 1228 enmeli-
182 1217 223 1228 emti.
