3400 5532
380 503 434 562 370
766 505 937 564 errasun
957 521 1226 570 quaoanrasrsss

440 651 482 714 R·
499 651 536 714 P.
554 650 720 713 Nicolaus
735 649 945 729 GoudanuS,
962 667 1031 730 quo
1047 659 1204 730 tempore
1219 659 1300 713 sunt
1314 650 1374 712 alii
1388 649 1506 713 feriati
1522 669 1544 712 a
1564 652 1610 712 ie·

380 759 556 822 ctionibus
577 757 742 838 publicis,
765 773 944 837 nunquam
965 773 987 818 a
1005 757 1200 836 profitendo
1221 757 1397 834 cessavit,
1420 775 1464 820 ne
1485 757 1610 820 diebus

379 865 520 946 quidem
548 864 818 928 canicularibus.
845 863 1069 926 Auditorium
1096 864 1197 926 nobis
1224 863 1330 944 dupio
1357 861 1472 943 majus
1501 882 1610 944 quam

380 975 478 1054 prius
503 972 687 1050 contingit.
718 971 772 1034 De
798 971 857 1034 illo
881 974 1065 1052 praeclare
1084 970 1225 1052 quidem
1240 971 1400 1052 judicant
1419 989 1544 1035 omnes
1576 983 1610 1033 et

380 1080 512 1143 utiliter
527 1079 683 1156 audiunt,
699 1079 907 1158 praesertim
922 1095 1029 1159 quum
1044 1097 1090 1142 ex
1105 1095 1202 1141 more
1216 1095 1280 1141 suo
1295 1079 1346 1142 sic
1365 1077 1513 1141 Aethica
1529 1078 1609 1141 Ari-

381 1183 541 1251 stotelis¹
566 1183 784 1267 profiteatur,
806 1193 845 1248 ut
870 1185 1008 1248 versari
1032 1194 1150 1249 tamen
1175 1186 1211 1248 in
1235 1185 1348 1248 sacris
1373 1185 1549 1248 videatur.
1571 1185 1609 1247 In

380 1294 548 1358 convictu
562 1292 728 1356 familiari
742 1294 890 1355 multum
904 1293 1018 1356 effecit
1034 1293 1126 1373 apud
1138 1292 1347 1371 Germanos,
1360 1292 1610 1372 permovitque

380 1419 450 1464 non
465 1418 598 1480 paucos
612 1418 670 1475 eo,
693 1409 730 1462 ut
752 1399 1059 1478 (quemadmodum
1074 1409 1177 1462 antea
1193 1401 1308 1463 visum
1322 1399 1472 1476 nonest)
1488 1399 1609 1477 singu-

379 1509 423 1571 lis
437 1525 525 1588 pene
540 1507 639 1570 sestis
654 1507 776 1570 diebus
791 1507 836 1570 ad
847 1506 1104 1570 consessionem
1119 1515 1153 1569 et
1168 1508 1450 1570 communionem
1465 1523 1610 1568 sacram

380 1615 605 1679 accesserint.
628 1613 718 1677 Tum
732 1614 904 1677 homeliae
919 1613 1002 1692 (sic)
1024 1614 1197 1693 quaedam
1212 1613 1334 1677 haberi
1349 1622 1516 1693 coeptae,
1535 1615 1610 1694 qui-

378 1725 444 1787 bus
459 1722 564 1786 iidem
580 1721 739 1800 studiosi,
754 1738 841 1802 quos
857 1723 972 1800 magis
987 1721 1179 1785 familiares
1190 1720 1371 1797 habemus
1384 1720 1479 1783 domi
1494 1723 1610 1783 nostri

379 1830 460 1907 (sic)
489 1837 696 1892 exercerent
715 1845 793 1890 sese
820 1828 920 1890 etad
942 1828 1109 1908 pietatem
1132 1827 1302 1907 paulatim
1327 1828 1473 1907 propius
1499 1827 1609 1890 addu-

379 1945 553 2000 cerentur.

437 2043 550 2124 Saepe
575 2044 743 2107 lectiones
767 2043 875 2106 etiam
898 2043 1060 2122 privatas
1084 2041 1306 2105 adhibuimus
1332 2059 1401 2122 quo
1427 2041 1609 2104 efficacius

378 2170 439 2215 eos
455 2152 682 2215 conciliemus
697 2150 808 2227 nobis,
826 2150 911 2212 etin
926 2150 993 2212 hoc
1008 2151 1100 2212 bono
1116 2151 1276 2213 instituto
1290 2149 1406 2228 magis
1421 2149 1609 2230 magisque

378 2259 504 2322 indies
526 2257 787 2320 confirmentur.
811 2255 1000 2336 Duplicata
1022 2265 1117 2319 certe
1135 2274 1229 2319 nunc
1248 2256 1316 2320 Dei
1330 2273 1497 2333 munera,
1515 2273 1610 2336 quac

376 2366 507 2428 nostris
523 2365 558 2427 in
578 2363 740 2427 manibus
759 2363 874 2426 adhuc
894 2373 1072 2442 crescunt,
1094 2363 1275 2427 videntur:
1301 2379 1414 2442 neque
1433 2363 1611 2426 minorem

377 2471 478 2534 nobis
506 2470 784 2533 consolationem
812 2487 918 2550 quam
947 2469 1217 2533 admirationem
1250 2471 1328 2533 aliis
1362 2470 1495 2548 adfert,
1531 2470 1611 2531 sine

377 2579 552 2658 exemp10‚
570 2587 604 2640 et
618 2577 686 2640 boc
702 2579 795 2655 ioco,
812 2579 901 2639 tales
917 2588 951 2640 et
967 2587 1039 2640 tam
1054 2578 1182 2640 multos
1197 2594 1290 2656 esse,
1308 2578 1368 2657 qui
1382 2576 1539 2658 quotidie
1563 2578 1610 2638 ad

376 2702 480 2747 sacra
506 2685 611 2747 modo
632 2685 794 2763 veniant,
815 2685 877 2763 qui
897 2701 961 2747 nos
981 2684 1048 2747 sibi
1068 2692 1189 2764 patres
1208 2684 1458 2764 ministrosque
1484 2685 1611 2746 aitaris

377 2799 581 2872 exposcant.
607 2792 672 2856 Vir
692 2792 806 2854 bonus
826 2808 907 2854 cum
929 2791 973 2853 ad
1000 2808 1065 2854 nos
1085 2792 1265 2872 profectus
1284 2800 1394 2870 esset,
1422 2791 1611 2869 egregium

377 2899 485 2963 filium
502 2899 626 2962 obtulit
641 2899 726 2961 etin
741 2907 916 2979 potestate
931 2908 1053 2962 nostra
1072 2915 1215 2962 manere
1234 2897 1352 2978 jussit,
1375 2898 1514 2960 etiamsi
1537 2898 1611 2961 alio

376 3007 648 3070 discederemus
675 3004 797 3085 Neque
822 3023 948 3086 parum
975 3006 1156 3086 hucusque
1176 3005 1324 3086 proiecit
1343 3021 1445 3084 puer,
1472 3005 1611 3083 dequo

375 3115 464 3176 bene
479 3129 663 3192 speramus
677 3112 755 3176 iore
770 3121 808 3174 ut
822 3128 902 3174 cum
918 3113 954 3174 in
968 3112 1110 3191 litteriS,
1127 3119 1202 3175 tum
1222 3113 1258 3174 in
1277 3111 1402 3191 spiritu
1423 3119 1608 3190 exspecta-

375 3220 462 3283 tioni
473 3227 617 3283 nostrae
628 3219 852 3299 respondeat.
867 3217 955 3282 Sunt
966 3219 1024 3281 alii
1039 3218 1282 3282 adolescentes
1293 3218 1374 3296 duo,
1388 3226 1423 3280 et
1437 3217 1506 3298 ipsi
1521 3216 1609 3280 Ger·

376 3327 481 3405 mani,
499 3336 688 3406 utcumque
702 3326 836 3388 versati
850 3325 887 3388 in
900 3325 1038 3403 litteris
1055 3341 1149 3388 nunc
1163 3326 1268 3405 plane
1283 3325 1412 3398 nostri,
1431 3323 1466 3386 in
1481 3325 1611 3404 quibus

377 3433 527 3512 digitum
540 3431 607 3495 Dei
622 3433 802 3512 suspicere
818 3432 979 3510 cogimur
993 3431 1016 3494 ¹.
1034 3429 1145 3512 Ajunt
1160 3450 1198 3494 se
1213 3430 1353 3494 Christo
1369 3431 1496 3494 debere
1517 3447 1612 3494 sum·

377 3557 453 3602 mas
468 3540 605 3618 gratias
625 3540 707 3619 quia
722 3539 827 3618 primi
840 3538 915 3600 iere
937 3539 1055 3600 vocati
1070 3537 1200 3600 fuerint
1215 3557 1233 3600 e
1249 3538 1437 3602 Germanis
1452 3538 1498 3601 ad
1513 3537 1608 3600 hanc

377 3646 460 3726 Jesu
484 3643 714 3723 Societatem,
742 3645 827 3707 nihil
853 3663 891 3707 se
914 3643 1074 3707 dubitare
1099 3644 1184 3725 quin
1209 3644 1457 3724 subsequuturi
1483 3645 1554 3706 sint
1577 3656 1612 3706 ct

379 3751 451 3830 alii,
473 3769 563 3831 quos
584 3752 629 3814 ad
652 3750 719 3814 hoc
745 3753 860 3831 ipsum
882 3751 1014 3814 Christi
1036 3749 1160 3832 jugum
1183 3752 1444 3832 suscipiendum
1464 3751 1611 3830 cupiunt

378 3859 599 3939 pertrahere,
619 3867 657 3921 ut
677 3867 711 3920 et
736 3857 803 3937 ipsi
825 3867 899 3920 tam
924 3858 1046 3921 suavis
1070 3858 1214 3938 spiritus
1239 3857 1414 3938 primitias
1429 3857 1609 3920 hauriant.

422 4177 429 4208 ¹
461 4172 614 4216 Aristotelis
624 4171 722 4215 addidit
734 4171 866 4215 Polsncus.

420 4247 431 4276 ²
459 4243 553 4288 anlibl
565 4253 688 4296 expressa
700 4242 801 4286 nomina
811 4243 954 4297 reperimus
964 4242 1064 4297 horum,
1082 4242 1124 4298 qui
1141 4255 1154 4286 e
1173 4243 1310 4287 Germanis
1325 4243 1401 4297 primi
1417 4244 1442 4286 ln
1454 4241 1613 4288 Societatem

382 4315 532 4368 ingolstadii
543 4313 648 4357 admissi
658 4319 726 4356 sunt.
737 4313 864 4358 Poisncus
874 4313 923 4357 hoc
934 4315 990 4357 loco
998 4315 1079 4358 verba
1089 4313 1185 4359 Canlsii
1195 4320 1296 4358 tantum
1305 4314 1406 4368 repetit.
1414 4315 1542 4368 Agricola
1550 4327 1613 4358 vero

384 4387 429 4428 ait:
441 4385 572 4428 “Excltstt
582 4393 646 4427 vero
656 4389 716 4428 sunt
726 4384 875 4428 scholastici
886 4395 936 4428 non
945 4385 1068 4429 minusad
1079 4385 1185 4430 virtutis
1192 4397 1269 4440 quam
1279 4385 1430 4430 eruditionis
1439 4387 1548 4430 cultum:
1560 4393 1613 4430 tres

381 4467 413 4498 cx
424 4455 482 4508 iilis,
494 4455 630 4499 sanctioris
639 4454 710 4498 vitae
718 4466 814 4508 amore,
826 4456 850 4498 in
859 4455 1017 4500 Societatem
1027 4457 1114 4510 adlegi
1123 4457 1251 4510 petierunt
1263 4457 1370 4506 fervide.
1380 4458 1613 4512 impetraruntque;

381 4528 454 4581 culus
464 4527 619 4583 tyrocinium
630 4531 658 4570 ut
668 4526 792 4581 subirent,
803 4526 931 4571 Viennam
947 4534 1006 4572 sunt
1024 4528 1102 4582 missi,
1122 4528 1272 4584 exceptique
1288 4539 1303 4572 a
1323 4528 1401 4572 Patre
1416 4528 1485 4584 Jsjo,
1503 4531 1547 4584 qul
1560 4531 1613 4585 J'sm

382 4600 450 4650 rliuc,
470 4595 547 4641 finitis
565 4599 700 4652 Augustae
717 4597 837 4650 comitiis,
853 4604 1042 4653 praecesserat,
1061 4605 1235 4654 peramanter.
1253 4599 1325 4644 Unus
1343 4600 1486 4644 interillos
1503 4601 1614 4653 joannes

385 4669 491 4726 Byrslus
501 4675 599 4722 ertum„
609 4669 747 4712 Historiae
759 4669 918 4714 Provindae
930 4670 1071 4714 societatis
1079 4671 1147 4726 Jesu
1163 4672 1190 4714 in
1208 4671 1354 4715 Germania
1369 4673 1520 4726 superiore,
1530 4673 1614 4718 Decss

385 4741 507 4794 secunda,
518 4738 621 4794 MDLL,
631 4751 656 4784 u.
667 4741 688 4784 6.
