3462 5534
358 502 413 560 obl>
745 499 917 560 erraaatt
935 517 1206 570 Qunpnrussrnss

357 663 465 727 quam
479 645 592 708 nobis.
609 643 799 724 Negotium
819 646 914 709 istud
935 646 1023 732 satis
1043 663 1175 727 anceps
1194 656 1264 710 est:
1285 647 1316 709 si
1339 664 1411 710 non
1430 646 1596 710 admitta-

356 763 430 832 tur,
447 753 610 816 timemus
624 769 669 814 ne
683 762 800 815 sumat
822 751 947 816 domus
966 753 1076 832 ipsius
1094 752 1259 816 dominus
1274 753 1501 816 occasionem
1521 753 1597 816 abi·

355 859 464 940 gendi
479 877 554 922 nos.
572 856 635 921 Sin
654 857 876 935 admittatur,
897 859 1179 939 pertimescenda
1198 860 1434 939 perturbatio,
1456 867 1533 924 turn
1547 861 1594 922 ab

358 967 451 1046 ipso,
469 975 542 1028 tum
558 965 602 1027 ab
618 963 711 1044 aliis,
730 965 790 1044 qui
803 975 949 1045 possent
964 965 1156 1044 introduci3
1178 979 1254 1028 tum
1274 983 1319 1028 ne
1335 982 1379 1028 ex
1394 966 1520 1047 primis
1533 984 1593 1029 no

359 1072 496 1135 vissimi
511 1071 706 1134 evadamus
722 1071 931 1134 cavendum.

419 1178 486 1242 Hic
498 1175 573 1257 jam
587 1186 660 1241 tres
675 1185 812 1241 tantum
826 1195 962 1258 sumus,
979 1178 1120 1260 dempto
1141 1178 1290 1257 famulo,
1316 1187 1353 1242 ut
1375 1178 1485 1242 credo
1501 1187 1535 1241 te
1549 1195 1591 1242 ex

360 1285 484 1348 litteris
518 1284 605 1347 meis
637 1283 842 1365 praemissis
871 1283 944 1365 jam
973 1285 1204 1359 intellexisse,
1236 1285 1363 1366 quibus
1391 1283 1591 1364 significavi

360 1401 509 1455 mortem
523 1390 645 1454 fratris
659 1391 786 1470 nostri,
803 1389 967 1470 Magistri
986 1390 1105 1455 Caroli
1127 1391 1349 1456 Commelini.
1371 1391 1410 1455 P.
1433 1391 1592 1473 Baptista

359 1499 395 1562 in
416 1500 543 1562 lectulo
564 1498 740 1561 decumbit
761 1514 826 1577 pro
847 1515 945 1562 more
970 1515 1049 1578 suo,
1073 1499 1205 1580 vixque
1233 1517 1254 1561 a
1276 1499 1382 1562 Festo
1407 1497 1592 1562 Pascbatis

359 1615 420 1669 aut
440 1623 523 1669 raro
543 1605 654 1669 exivit
678 1623 697 1668 a
721 1605 813 1668 lecto
833 1613 893 1669 aut
918 1605 1034 1668 domo.
1061 1604 1136 1669 Nos
1161 1606 1231 1669 duo
1260 1606 1386 1686 reliqui
1407 1623 1590 1684 vacamus,

358 1714 488 1794 partim
507 1712 648 1791 studiiS,
669 1712 799 1791 partim
817 1712 970 1791 negotiis
987 1711 1244 1784 familiaribus,
1268 1723 1302 1776 et
1325 1713 1514 1776 audiendis
1529 1713 1592 1790 bis,

357 1821 420 1900 qui
442 1820 487 1882 ad
508 1835 572 1882 nos
592 1819 749 1882 veniunt.
771 1817 875 1882 Faxit
894 1818 1057 1883 Christus
1075 1819 1182 1902 Jesus
1210 1829 1249 1882 ut
1274 1819 1393 1884 omnia
1415 1813 1546 1882 cedant
1561 1820 1594 1883 in

357 1927 512 2006 gloriam
526 1943 639 1990 suam.

421 2031 683 2096 Audiveramus
696 2029 888 2096 Postellum
903 2040 911 2074 ¹
927 2031 1035 2096 fuisse
1057 2033 1214 2097 locutum
1237 2033 1280 2097 de
1301 2031 1479 2096 Societate
1494 2033 1523 2112 ¹3
1539 2051 1593 2096 ve·

361 2158 439 2204 rum
465 2141 533 2202 boc
553 2139 681 2202 falsum
700 2155 779 2202 esse
803 2148 901 2203 certo
926 2139 1068 2203 scimus.
1092 2140 1177 2204 Heri
1198 2141 1292 2204 enim
1313 2140 1450 2220 publice
1470 2141 1593 2203 extulit

362 2249 458 2313 illam
477 2264 587 2326 usque
607 2246 643 2308 in
662 2246 814 2326 coelum,
837 2246 925 2308 adeo
951 2257 990 2309 ut
1011 2247 1118 2310 etiam
1145 2245 1321 2310 addiderit
1340 2263 1421 2310 eam
1440 2246 1476 2309 in
1496 2245 1593 2310 India

359 2355 497 2416 clarere
513 2352 703 2416 miraculis
720 2351 836 2416 Habet
851 2351 966 2415 adhuc
981 2354 1232 2434 phantasmata
1255 2355 1401 2434 antiqua
1418 2363 1453 2416 et
1468 2353 1513 2416 ab
1528 2353 1594 2418 illis

360 2460 482 2524 divelli
496 2477 568 2522 non
583 2467 708 2540 potest.
730 2457 893 2537 Quotidie
911 2459 966 2522 bis
989 2459 1075 2538 legit
1093 2477 1174 2536 cum
1197 2459 1484 2540 frequentissimo
1500 2459 1593 2522 audi·

362 2567 452 2631 torio
476 2568 513 2629 in
535 2565 692 2645 Collegio
714 2563 1048 2645 Longobardorum,
1072 2565 1118 2628 ad
1139 2564 1233 2647 quod
1258 2567 1365 2629 etiam
1384 2566 1593 2646 commigra-

362 2675 425 2737 vit.
449 2673 553 2737 Socio
574 2672 716 2736 Domini
739 2671 867 2736 Renati
886 2671 908 2751 ³,
932 2673 1076 2754 quinos
1099 2672 1314 2754 frequentat,
1342 2673 1436 2736 intra
1462 2689 1593 2754 paucos

361 2780 450 2859 dieS,
463 2791 501 2843 ut
517 2797 632 2860 sper0,
648 2778 833 2842 tradentur
848 2779 1031 2842 exercitia.

424 2887 526 2966 Quod
540 2887 586 2949 ad
601 2885 795 2950 audiendas
810 2885 1051 2950 consessiones
1066 2885 1207 2966 attinet,
1225 2895 1258 2950 et
1275 2897 1416 2950 caetera
1432 2887 1592 2968 spiritua·

363 2997 409 3057 lia
425 3011 549 3074 opera,
567 2993 661 3073 apud
676 2991 758 3056 Sam
773 2991 1005 3072 Germanum,
1022 3002 1201 3057 cessatum
1221 3003 1274 3057 est
1298 3013 1317 3058 a
1339 2995 1489 3057 solemni
1503 2993 1591 3058 sesto

364 3100 644 3164 Resurrectionis
676 3099 885 3163 Dominicae
913 3100 958 3163 ob
987 3100 1175 3163 adversam
1207 3101 1448 3164 valetudinem
1477 3101 1592 3165 Patris

363 3209 555 3288 Baptistae.
572 3205 766 3286 Rogandus
788 3217 841 3270 est
862 3206 1036 3270 Dominus
1059 3218 1095 3270 ut
1118 3209 1175 3271 vel
1195 3208 1363 3271 liberetur
1383 3208 1428 3270 ab
1451 3207 1594 3272 infirmi-

364 3327 436 3378 tate
450 3315 533 3391 hac,
550 3315 607 3376 vel
629 3313 796 3377 succedat
811 3313 843 3376 ei
858 3316 962 3392 alter,
985 3315 1046 3395 qui
1067 3316 1146 3377 vice
1168 3313 1245 3394 ejus
1267 3314 1452 3394 iungatur,
1469 3323 1545 3379 turn
1560 3316 1592 3378 in

363 3421 620 3502 spiritualibus
638 3431 712 3483 tum
727 3421 762 3483 in
778 3421 1040 3501 temporalibus.

423 3529 582 3607 Interim,
600 3526 641 3591 R.
658 3525 778 3606 Pater,
794 3527 883 3590 bene
902 3528 982 3590 vale
1003 3528 1039 3591 in
1060 3527 1213 3592 Domino
1235 3529 1319 3612 Jesu
1341 3547 1412 3592 una
1435 3547 1518 3593 cum
1533 3527 1593 3592 Pa·

364 3637 475 3700 tribus
497 3653 540 3698 ac
559 3635 727 3699 iratribus
747 3633 893 3712 nostris,
914 3651 1065 3714 quorum
1085 3635 1241 3698 omnium
1263 3635 1483 3700 orationibus
1503 3653 1594 3699 com·

364 3741 523 3806 mandari
538 3757 760 3820 summopere
776 3739 975 3820 indigemus
989 3751 1023 3804 et
1038 3741 1212 3821 cupimus

425 3849 602 3927 Lutetiae,
619 3847 755 3910 decimo
771 3856 899 3911 octavo
914 3847 999 3928 Maji
1017 3848 1105 3911 1552.

428 3955 468 4020 R.
486 3955 523 4018 P.
541 3955 581 4018 T.

425 4061 594 4142 Indignus
609 4060 644 4124 in
660 4061 801 4124 Christo
817 4060 945 4139 Filius,

721 4273 907 4338 Roaaarus
930 4274 1194 4356 ctarssomus,
1215 4276 1419 4356 Brugensis.

386 4577 389 4582 ,
410 4521 418 4554 Ι
447 4519 599 4564 Guillelmus
609 4519 749 4569 Postellus.
760 4519 791 4562 de
802 4529 851 4574 quo
860 4519 972 4576 plurima
982 4518 1007 4562 ln
1018 4509 1136 4574 plurimis
1146 4525 1201 4561 tum
1212 4516 1295 4561 sacrls
1305 4521 1359 4559 tum
1367 4513 1510 4570 prophanis
1520 4513 1596 4558 bisto-

366 4593 422 4641 rlis,
430 4591 489 4652 etin
500 4591 595 4636 cartas
606 4591 639 4638 de
650 4589 704 4634 San
715 4590 833 4644 ignatio,
842 4595 862 4634 t.
872 4596 917 4635 tet
927 4601 954 4644 tr,
964 4596 991 4634 et
1001 4590 1026 4636 ln
1038 4589 1133 4634 Canas
1143 4587 1187 4634 del
1199 4587 1230 4634 Β.
1244 4588 1273 4632 Ρ.
1285 4585 1370 4632 mro
1378 4585 1475 4636 Fabro,
1484 4591 1503 4630 t.
1513 4595 1531 4630 t.

408 4665 420 4696 ¹
447 4663 497 4716 Sic,
508 4663 552 4706 sed
563 4671 652 4707 sensus
662 4667 710 4714 eat,
721 4667 748 4706 ut
759 4672 791 4705 ex
802 4661 966 4717 sequentibus
974 4667 1056 4716 patet,
1068 4661 1201 4705 adversus
1210 4690 1218 4712 ,
1228 4661 1320 4704 contra
1331 4657 1498 4702 Societatem.

408 4737 419 4768 ³
447 4733 741 4789 Videsuprspagbll.
