3400 5524
352 511 406 573 276
738 511 910 572 Litium
929 525 1199 580 ooooamssrnss

351 660 479 742 inipso
494 659 640 726 civitate
654 667 857 735 actumst,
875 658 919 722 de
934 674 1003 738 quo
1017 657 1137 739 aliqua
1151 657 1292 739 scripsi,
1309 659 1455 724 visitavi
1470 661 1577 726 etiam

350 766 424 830 sere
438 775 589 830 centum-
601 773 637 830 et
657 764 894 846 quadraginta
915 763 1095 830 ecclesias.
1118 764 1203 830 Inde
1220 763 1357 830 fructus
1378 766 1578 832 animarum

350 873 454 938 valde
468 889 620 954 magnus
634 870 814 953 provenit,
830 870 944 958 major
955 887 1042 936 vero
1057 869 1134 954 ipsa
1145 869 1183 936 in
1193 870 1338 935 civitate
1347 889 1411 952 per
1421 873 1577 952 gratiam

348 980 428 1046 Dei.
444 979 495 1044 Ne
511 987 629 1044 autem
643 978 842 1044 remitterer
857 978 902 1054 ab
915 977 1091 1058 Episcopo
1113 977 1160 1042 ad
1179 977 1420 1044 visitationem
1441 979 1577 1044 dioece-

346 1088 397 1152 sis
411 1103 536 1168 preces
550 1087 766 1151 urbanorum
780 1085 1017 1150 obtinuerunt.

407 1193 579 1274 Mutinae,
595 1210 689 1256 nona
702 1191 823 1258 Martii
844 1191 932 1257 1551.

850 1833 1067 1920 LXXVII

343 2213 348 2222 ·
394 2179 432 2240 P.
444 2177 638 2239 Ludovicus
651 2177 819 2238 Gonzalez

429 2277 521 2338 Patri
534 2276 661 2338 Simoni
674 2275 862 2336 Rodericio.

464 2374 638 2447 Almeirin‚
655 2374 689 2432 14
701 2373 814 2434 Martii
827 2373 895 2432 1551
911 2373 932 2436 ¹.

917 2579 991 2697 nis

394 2793 472 2858 Pax
487 2793 631 2859 Christi.

396 2901 615 2967 charissime
628 2900 746 2967 Pater.

393 3009 461 3076 Per
488 3008 619 3074 muitas
643 3009 723 3072 vias
741 3016 854 3072 temos
868 3007 997 3072 escrito
1022 3025 1044 3072 a
1068 3007 1111 3070 V.
1135 3006 1177 3072 R.
1200 3007 1267 3072 Em
1287 3009 1335 3071 ha
1357 3008 1567 3076 derradeira

333 3135 355 3180 a
368 3114 473 3182 XXV
488 3116 533 3180 do
548 3115 702 3198 passado
717 3132 782 3196 per
797 3113 882 3178 hum
893 3131 1018 3178 correo
1033 3129 1100 3194 que
1115 3113 1147 3178 d'
1163 3114 1246 3193 aqui
1260 3113 1387 3195 partio.

336 3281 339 3286 .
391 3221 505 3301 Terta
520 3222 620 3298 seira,
637 3221 672 3286 X
686 3222 730 3286 de
744 3219 878 3300 Marco,
894 3220 1052 3301 partitio
1066 3237 1152 3302 pera
1168 3239 1190 3284 a
1205 3220 1305 3286 India
1315 3221 1480 3286 Belchior
1492 3222 1566 3288 Nu-

331 3335 397 3395 hez
410 3347 430 3396 e
443 3329 601 3394 Antonio
617 3327 781 3396 Deredea
794 3326 805 3358 ¹
820 3335 840 3394 e
855 3328 926 3392 hita
940 3344 1032 3392 naao
1047 3334 1089 3392 co
1103 3335 1178 3394 tres
1188 3327 1320 3392 orsaos.
1332 3328 1361 3392 E
1372 3327 1445 3392 G.¹0
1461 3328 1565 3394 Roiz.

331 3454 351 3500 e
366 3437 500 3502 Acosta
516 3433 527 3466 ³
543 3441 563 3500 ἑ
578 3443 680 3500 outra
695 3441 737 3500 co
751 3443 875 3499 outros
887 3443 971 3498 tres.
988 3433 1130 3498 Moraes
1144 3451 1164 3498 e
1182 3432 1346 3498 Almeida
1366 3431 1378 3463 ⁴
1401 3436 1571 3527 partirao

332 3544 365 3608 d'
382 3543 466 3624 aqui
480 3561 502 3608 a
516 3550 588 3607 tres
603 3559 650 3607 ou
664 3549 791 3624 quatro
806 3541 884 3606 dias
901 3557 948 3606 na
967 3557 1060 3606 naao
1075 3546 1095 3604 o
1110 3557 1178 3622 que
1191 3541 1254 3604 vai
1271 3540 1454 3624 Jeronimo
1477 3542 1566 3609 Cor·

332 3667 409 3731 rea,
430 3649 475 3714 do
499 3651 581 3731 qual
601 3667 622 3713 a
641 3647 747 3716 velha
766 3647 958 3730 despedida
977 3664 1015 3709 se
1035 3643 1085 3710 foi
1100 3644 1162 3726 J‘aa
1180 3663 1267 3730 pera
1293 3646 1473 3727 Coymbra
1492 3651 1570 3716 ben

331 3757 509 3838 desposta.
526 3756 606 3820 Vho
621 3763 714 3820 estes
728 3755 860 3820 irmaos
875 3771 955 3819 com
968 3752 1105 3834 grande
1119 3753 1251 3834 ierv0r;
1266 3754 1359 3818 iuios
1372 3771 1437 3819 ver
1460 3756 1567 3822 obar-

331 3881 405 3941 car,
420 3862 592 3928 ecofesso
606 3879 628 3928 a
641 3862 687 3928 V.
704 3861 746 3930 R.
762 3879 830 3943 que
843 3878 882 3926 se
896 3878 953 3924 me
971 3865 1172 3925 renovatio
1193 3861 1295 3925 todas
1314 3861 1457 3926 minhas
1477 3864 1570 3930 cha·

330 3987 396 4051 gas
410 3969 594 4050 passadas.
610 3969 690 4034 Vao
705 3968 848 4034 tamben
860 3977 934 4032 este
949 3973 1019 4032 ano
1033 3967 1104 4032 seis
1117 3967 1237 4032 i'rades
1253 3968 1299 4032 de
1320 3966 1391 4032 Sao
1411 3969 1571 4062 Domin-

346 4223 350 4231 ,
370 4176 379 4210 ¹
406 4173 588 4230 Autographng
606 4171 651 4216 ned
667 4173 694 4216 in
710 4183 742 4216 ει
758 4172 840 4216 nolum
855 4171 946 4216 ultima
957 4172 1047 4224 verbo.
1066 4183 1082 4215 a
1099 4171 1136 4214 As
1151 4174 1242 4216 cartas
1253 4173 1331 4222 καο...,
1343 4184 1423 4228 usque
1434 4175 1468 4218 ad
1483 4178 1574 4222 maios

329 4245 423 4290 atheas
437 4249 497 4289 nont
513 4255 591 4289 mauu
607 4241 707 4299 scripta
724 4242 811 4287 Patris
826 4241 952 4287 Ludovici
970 4242 1105 4288 Gonznlez.
1124 4241 1173 4286 Est
1189 4241 1215 4286 in
1232 4242 1293 4288 folio
1310 4245 1385 4288 unico
1406 4247 1468 4292 olim
1484 4259 1510 4292 n.
1524 4247 1573 4302 77,

327 4328 394 4362 nunc
404 4315 441 4362 ⁸1.
699 4347 705 4368 ,

367 4388 379 4420 ¹
405 4385 534 4443 Antonius
544 4387 575 4432 de
589 4385 712 4430 Heredia.
1056 4445 1058 4450 Ι

366 4459 379 4493 ³
406 4457 581 4503 Gundisalvus
590 4457 735 4512 Rodriguez
745 4455 869 4512 (Gonoalo
885 4455 963 4512 Rota)
973 4463 1000 4502 et
1009 4456 1121 4518 Joahnes
1131 4457 1164 4502 dn
1175 4455 1262 4512 Costa,
1271 4467 1324 4512 seu,
1334 4462 1363 4502 ut
1372 4457 1413 4502 hic
1424 4461 1577 4518 scribitur,

326 4527 431 4584 Acosea,
440 4534 467 4578 et
477 4529 539 4576 nubi
552 4529 685 4574 d'Acosta.
694 4527 768 4574 Hono
779 4527 993 4584 christophorum
1002 4530 1118 4585 appellit
1129 4527 1277 4574 Funcoin
1295 4527 1427 4584 Catalogo,
1443 4543 1523 4586 quem
1537 4535 1576 4582 in

326 4601 434 4660 synopsi
444 4601 592 4659 Annalium,
602 4611 661 4646 nnn.
674 4600 732 4652 1551,
742 4611 766 4644 n.
779 4600 812 4654 11,
821 4599 946 4658 Jomnsm
963 4601 1152 4656 appellaverat.
1162 4599 1274 4654 joannes
1291 4601 1372 4646 etiam
1388 4601 1473 4647 dictus
1489 4611 1540 4654 est
1553 4619 1577 4652 a

326 4671 420 4725 Tellez,
429 4671 623 4716 sedaPolnuco
634 4681 736 4726 semper
746 4669 956 4726 christophorus.
1463 4667 1466 4676 '

365 4743 378 4778 ⁴
404 4744 483 4790 Potor
492 4742 644 4790 Emmanuel
652 4735 771 4806 ¹iiorales.
782 4741 875 4796 senior,
883 4749 909 4788 et
918 4743 1002 4790 inte:
1012 4742 1106 4788 Petrus
1112 4742 1147 4785 'de
1157 4739 1292 4798 Aimeydm
