3390 5536
373 557 428 613 504
756 557 928 618 errnaan
947 571 1216 625 ouanmunsrans

374 711 439 781 set,
462 712 496 765 et
515 703 584 767 nisi
603 703 669 766 hoc
689 704 762 779 fiat,
790 705 932 767 omnino
954 705 1030 768 vult
1054 721 1232 785 exponere
1250 706 1414 786 querelas
1439 704 1483 767 de
1503 706 1599 768 nobis

374 808 469 888 apud
484 807 711 890 Episcopum,
728 812 785 873 cui
800 821 853 874 est
868 811 1063 888 familiaris
1079 820 1113 873 et
1128 810 1163 873 in
1178 811 1277 873 curia
1295 811 1462 874 Caesaris
1481 821 1518 874 et
1539 809 1598 874 Re·

374 915 481 994 ginae
497 926 654 979 nostrae.
670 917 747 998 Ego
763 927 881 980 autem
897 919 1016 981 statim
1032 919 1158 998 scripsi
1172 918 1309 981 litteras
1324 919 1369 981 ad
1384 929 1525 998 patrem
1546 917 1599 982 Ot-

375 1022 495 1086 thonis
509 1033 548 1086 ut
562 1024 592 1086 si
607 1023 690 1105 quid
702 1025 798 1088 circa
809 1025 918 1088 filium
929 1042 1031 1088 suum
1044 1043 1063 1087 a
1075 1025 1178 1087 nobis
1189 1025 1357 1106 requirat,
1371 1025 1529 1088 inveniet
1539 1042 1601 1087 nos

374 1129 410 1192 in
426 1130 522 1193 omni
536 1147 575 1193 rc
590 1131 791 1194 rationabili
809 1131 1069 1211 paratissimos;
1093 1131 1247 1210 cogebar
1266 1132 1359 1195 enim
1379 1133 1600 1196 dissimulare

373 1236 409 1299 id
430 1235 524 1317 quod
545 1238 589 1300 ab
616 1237 675 1301 illo
696 1238 812 1301 amico
838 1238 963 1301 adme
988 1237 1158 1318 scriptum
1181 1248 1270 1301 erat.
1297 1237 1354 1303 Sic
1380 1255 1484 1318 spero
1511 1238 1598 1319 quod

374 1343 494 1406 omnia
507 1343 595 1406 bene
611 1343 747 1407 cedent.
764 1344 858 1407 Nihil
873 1344 1007 1408 interea
1019 1345 1150 1407 audivi.

434 1448 586 1512 Proinde
601 1449 753 1513 referam
767 1450 850 1530 quid
865 1451 1000 1514 interea
1018 1450 1193 1514 Dominus
1208 1461 1373 1531 operatus
1395 1452 1450 1514 sit.
1472 1449 1513 1514 In
1534 1451 1599 1530 pri-

373 1555 441 1619 mis
457 1557 634 1620 neminem
653 1557 759 1621 audio
778 1557 1048 1621 deaedificatum
1067 1575 1111 1620 ex
1133 1558 1200 1620 hac
1220 1558 1426 1638 captivitate
1446 1574 1527 1620 mea
1546 1560 1599 1619 vel

373 1681 419 1726 ex
434 1661 540 1726 factis
555 1680 616 1726 seu
630 1664 735 1728 dictis
750 1665 892 1744 nostris;
913 1665 997 1744 quin
1016 1665 1134 1745 potius
1153 1681 1275 1727 omnes
1295 1665 1482 1728 condolent
1502 1665 1602 1727 nobis

373 1777 408 1832 et
431 1769 606 1834 Dominus
628 1771 804 1850 laudatur,
826 1773 886 1852 qui
909 1772 1011 1835 nobis
1030 1771 1124 1834 dedit
1149 1779 1248 1834 tanta
1272 1788 1337 1852 pro
1362 1789 1400 1834 se
1424 1772 1512 1851 pati,
1538 1789 1600 1834 nec

374 1877 563 1957 quisquam
585 1877 780 1957 intelligere
803 1889 919 1959 potest
938 1879 1114 1958 quomodo
1134 1878 1300 1958 possibile
1318 1877 1423 1941 fuerit
1445 1877 1535 1940 haec
1554 1878 1600 1939 ita

375 1984 593 2062 contingere.
612 1983 754 2061 Omnes
775 1985 882 2048 etiam
901 1985 1115 2061 adversarii,
1143 1984 1264 2047 dolent
1281 1992 1315 2047 et
1335 1985 1524 2047 condolent
1542 2001 1598 2046 no-

372 2090 437 2153 bis.
455 2089 534 2171 Ipse
548 2090 680 2155 Rector
693 2108 833 2172 quoque
849 2110 870 2154 a
886 2109 924 2155 se
944 2090 1073 2172 rejicit,
1095 2091 1217 2154 dicens
1237 2109 1302 2154 suo
1318 2089 1419 2170 jussu
1438 2108 1511 2154 non
1526 2110 1600 2153 csse

374 2195 520 2260 factum.
536 2196 594 2260 Sic
609 2199 794 2279 quisquam
809 2199 911 2282 alteri
926 2199 1075 2278 imputat
1090 2207 1124 2261 et
1139 2216 1161 2261 a
1176 2215 1214 2261 se
1233 2199 1372 2278 culpam
1393 2196 1525 2278 rejicit,
1552 2199 1599 2259 sic

374 2313 412 2366 ut
427 2305 613 2384 neminem,
630 2321 743 2385 neque
756 2322 909 2386 parvum
919 2323 1032 2385 neque
1043 2321 1222 2383 magnum,
1235 2322 1348 2385 neque
1360 2305 1477 2367 virum
1488 2321 1598 2384 neque

374 2411 573 2490 mulierem,
590 2429 703 2493 neque
717 2429 882 2493 puerum,
899 2410 992 2474 aliud
1008 2412 1150 2474 audiam
1169 2412 1300 2474 sentire
1315 2422 1375 2475 aut
1390 2409 1520 2474 dicere.

435 2517 572 2581 Deinde
586 2535 754 2582 numerus
769 2519 1009 2582 confitentium
1024 2536 1067 2582 ac
1079 2519 1124 2582 ad
1135 2536 1200 2581 nos
1212 2517 1455 2582 accedentium
1467 2518 1598 2580 interea

372 2641 448 2688 non
462 2627 575 2688 solum
591 2643 662 2688 non
676 2635 729 2689 est
744 2626 937 2690 diminutus
951 2624 1013 2688 sed
1027 2625 1216 2705 plurimum
1230 2634 1367 2704 auctus;
1382 2642 1498 2704 neque
1511 2625 1597 2704 quis·

373 2747 483 2812 quam
498 2733 636 2796 anobis
651 2733 694 2796 ob
709 2733 777 2796 ista
792 2733 950 2811 recessit,
967 2741 1001 2796 ct
1016 2733 1095 2813 plus
1113 2732 1217 2795 video
1236 2732 1273 2794 in
1292 2731 1368 2794 istis
1387 2731 1597 2811 persecutio-

376 2837 481 2901 nibus
500 2847 683 2919 operatum
700 2838 890 2902 Dominum
909 2855 1016 2919 quam
1034 2849 1108 2902 toto
1127 2847 1286 2919 tempore
1304 2855 1373 2918 quo
1393 2838 1451 2900 hic
1466 2836 1529 2902 fui.
1551 2836 1597 2900 Sit

376 2943 549 3008 Dominus
564 2945 600 3009 in
611 2945 773 3009 omnibus
786 2944 1002 3009 benedictus.
1014 2945 1073 3008 Ad
1084 2945 1174 3008 haec
1184 2944 1356 3008 Dominus
1366 2945 1480 3008 movit
1491 2945 1594 3007 corda
1674 2965 1675 2990 l

373 3052 532 3114 omnium
546 3052 817 3133 praecipuorum
831 3051 1123 3116 concionatorum
1137 3051 1243 3114 totius
1262 3051 1379 3131 oppidi
1400 3051 1518 3132 huiuS,
1542 3051 1597 3131 qai

375 3175 511 3235 omnes,
527 3159 740 3222 unanimiter
754 3167 788 3221 et
803 3157 1005 3237 fortissime,
1021 3159 1129 3222 latine
1143 3166 1178 3221 et
1192 3157 1406 3236 germanice,
1419 3157 1557 3237 publice
1567 3167 1598 3217 et

373 3265 545 3344 privatim
558 3264 725 3329 videntur
738 3281 804 3328 nos
817 3274 1009 3345 nostraque
1023 3281 1196 3328 excusare
1210 3273 1245 3327 et
1256 3263 1445 3328 defendere
1456 3273 1490 3326 et
1502 3264 1545 3326 ad
1558 3264 1596 3324 si-

374 3371 473 3434 milia
489 3387 611 3434 omnes
625 3371 817 3450 exhortari,
835 3372 885 3435 ita
903 3379 942 3435 ut
962 3373 1008 3436 sit
1031 3371 1132 3453 quasi
1153 3371 1360 3435 miraculum
1381 3371 1416 3433 in
1436 3370 1597 3433 cordibus

375 3478 519 3541 nostris.
536 3477 735 3558 Numquam
755 3477 848 3542 enim
864 3487 925 3542 aut
939 3479 1045 3543 valde
1060 3479 1171 3542 obiter
1192 3488 1226 3541 et
1249 3494 1332 3542 raro
1353 3480 1468 3540 solent
1486 3476 1528 3540 de
1547 3476 1596 3538 his

374 3586 481 3648 rebus
496 3587 713 3662 concionari,
729 3585 905 3665 videlicet,
922 3587 965 3650 de
980 3585 1143 3665 ingressu
1163 3585 1362 3664 religionis,
1384 3586 1428 3648 de
1448 3583 1596 3663 resigna·

375 3691 472 3754 tione
488 3692 544 3756 sui
558 3692 604 3756 ad
619 3693 737 3756 omnia
751 3703 786 3755 et
801 3693 846 3756 ad
862 3709 1002 3756 omnem
1017 3701 1159 3770 statum,
1172 3693 1216 3755 de
1228 3690 1409 3755 offerenda
1416 3689 1597 3770 juventute

376 3815 443 3862 sua
459 3797 611 3877 Christo,
625 3799 668 3863 de
684 3801 940 3863 auscultatione
953 3800 998 3863 ad
1010 3799 1258 3880 inspirationes
1268 3798 1412 3862 Domini
1424 3808 1458 3862 et
1469 3813 1598 3861 earum·
1673 3781 1674 3807 ¹

376 3905 462 3970 clem
477 3907 620 3986 sequela
635 3924 708 3970 non
723 3906 928 3976 differenda.
945 3915 980 3970 et
994 3907 1181 3986 similibus;
1196 3906 1297 3969 novit
1310 3904 1485 3968 Dominus
1498 3919 1596 3984 quam

379 4014 538 4077 exultent
560 4014 670 4077 corda
691 4024 813 4078 nostra
835 4014 871 4077 in
892 4014 978 4077 istis
1003 4013 1054 4078 Sit
1076 4012 1248 4076 Dominus
1268 4013 1304 4076 in
1326 4012 1490 4075 omnibus
1503 4011 1597 4072 bene·

378 4119 504 4183 dictus

439 4225 521 4290 Istis
535 4244 674 4307 quoque
690 4227 813 4291 dicbus
825 4227 897 4307 iam
912 4227 1017 4290 tertio
1031 4227 1202 4291 invitatus
1216 4226 1262 4290 ad
1280 4227 1469 4306 prandium
1492 4225 1595 4304 cujus·

379 4331 462 4394 dam
477 4349 602 4396 sacrae
617 4333 815 4413 theologiae
829 4335 1001 4398 licentiati
1016 4351 1097 4397 cum
1111 4334 1206 4397 dicto
1221 4334 1365 4397 doctore
1379 4343 1414 4396 et
1430 4333 1497 4397 alio
1510 4332 1596 4393 bono

378 4447 414 4501 et
438 4438 544 4502 docto
564 4439 722 4517 domino,
739 4441 831 4504 inter
846 4441 1100 4505 comedendum
1119 4441 1240 4504 incidit
1255 4439 1447 4520 disputatio
1461 4439 1503 4502 de
1516 4439 1595 4500 elec·
1672 4514 1673 4534 Χ

380 4560 530 4624 mosyna
545 4555 580 4609 et
595 4545 801 4610 fundatione
823 4548 1067 4626 collegiorum,
1088 4564 1153 4628 pro
1173 4547 1355 4625 studiosis,
1371 4547 1522 4628 inquam.
1546 4539 1595 4606 Ad

379 4651 474 4731 quod
489 4651 563 4714 dixi
581 4651 773 4717 Dominum
792 4654 850 4717 diu
870 4654 1087 4734 multumque
1105 4653 1320 4732 rogandum,
1343 4669 1413 4734 quo
1431 4651 1598 4733 possimus

380 4757 514 4821 habere
528 4761 747 4823 voluntatem
762 4758 933 4824 fundandi
947 4759 1079 4842 aliquid
1093 4776 1158 4841 pro
1172 4759 1252 4839 illis,
1269 4775 1350 4823 cum
1360 4775 1452 4823 unus
1462 4767 1527 4822 stet
1536 4769 1597 4837 pro
