3400 5532
371 499 425 556 300
752 497 922 558 Limenes
947 513 1217 564 ouanarnssrnns

372 645 429 722 let3
446 644 607 723 quodque
623 643 738 721 magis
753 641 880 706 mirum
892 653 956 722 est,
970 643 1095 707 unicus
1109 644 1176 708 illis
1191 653 1279 722 erat,
1293 653 1328 708 et
1339 653 1479 723 tempus
1491 645 1611 724 prole-

372 751 500 814 ctionis
527 751 563 813 in
594 765 744 828 regnum
773 756 846 813 tarn
875 760 1065 830 remotum,
1093 758 1237 832 propter
1271 763 1408 816 aestum
1447 751 1609 814 validum

372 857 503 920 mensis
516 857 614 939 Julii‚
631 874 756 937 parum
772 867 1018 937 opportunum.
1041 858 1184 922 Accidit
1198 868 1317 922 autem
1338 870 1375 922 ut
1395 877 1477 922 cum
1499 860 1609 922 matri

372 980 457 1026 suae
476 965 703 1046 valediceret,
719 964 882 1031 omnibus
896 967 1070 1044 flentibus
1088 983 1175 1046 puer
1190 983 1315 1029 serena
1330 966 1445 1028 fronte
1461 975 1497 1029 et
1513 968 1611 1028 laeta

372 1070 586 1152 discederet3
613 1085 647 1137 et
673 1092 754 1138 cum
778 1085 892 1138 mater
915 1075 1006 1138 inter
1021 1073 1142 1136 fletum
1156 1073 1314 1136 subirato
1335 1073 1367 1136 ei
1388 1073 1541 1136 diceret:
1563 1075 1611 1133 “0

373 1193 456 1240 caro
477 1179 573 1242 Caim
590 1180 618 1242 ¹!
630 1190 733 1261 putas
748 1199 804 1245 me
815 1200 886 1245 non
896 1199 973 1244 esse
986 1189 1134 1244 matrem
1146 1189 1254 1258 tuam,
1272 1180 1332 1261 qui
1343 1189 1416 1242 tam
1427 1180 1519 1243 duro
1532 1199 1610 1242 cor-

372 1284 416 1347 de
432 1304 453 1348 a
469 1303 524 1348 me
540 1287 723 1352 discedere
738 1290 876 1368 potesi„
893 1287 1087 1368 Respondit
1102 1304 1190 1367 puer
1211 1286 1392 1350 discedere
1412 1304 1451 1349 se
1471 1297 1512 1350 ut
1531 1287 1611 1350 Deo

371 1392 562 1470 perfectius
581 1395 787 1476 inserviret;
812 1395 894 1476 quid
915 1412 1000 1474 ergo
1021 1411 1151 1457 causae
1171 1403 1265 1456 essct
1291 1393 1480 1474 quominus
1500 1393 1609 1456 hilari

373 1509 466 1562 esset
481 1500 620 1563 animo?
636 1501 732 1566 Idem
747 1513 866 1565 autem
881 1503 1028 1564 veniens
1043 1502 1187 1564 domum
1202 1511 1379 1579 nostram,
1396 1511 1430 1563 et
1446 1519 1469 1563 a
1488 1500 1609 1564 fratri·

373 1606 438 1668 bus
452 1607 694 1686 spiritualibus
709 1609 906 1687 discedenS,
924 1609 1073 1671 ubertim
1089 1607 1205 1686 flevit,
1222 1617 1260 1670 ut
1274 1618 1349 1670 tam
1362 1608 1406 1670 de
1421 1617 1530 1670 exuto
1546 1609 1607 1671 hu·

372 1729 477 1774 mano
494 1713 625 1778 affectu
640 1733 746 1795 quam
763 1717 805 1778 de
825 1715 998 1796 spirituali
1010 1715 1131 1778 induto
1146 1731 1268 1778 omnes
1283 1716 1318 1778 in
1335 1715 1608 1778 admirationem

372 1821 597 1883 converterit.
710 1815 725 1845 ‘

431 1924 485 1988 De
498 1927 557 1990 via
572 1929 789 2009 scripserunt
805 1928 896 2009 quod
911 1929 999 1992 bene
1015 1939 1049 1992 et
1064 1929 1213 1992 feliciter
1224 1929 1289 1991 iter
1306 1929 1488 1992 succedat.
1507 1928 1607 1991 Haec

371 2043 489 2101 tamen
504 2037 634 2099 civitas
649 2053 779 2116 magna
795 2036 1037 2100 consolatione
1052 2045 1086 2098 et
1101 2037 1274 2116 spirituali
1288 2036 1441 2098 utilitate
1456 2051 1521 2113 per
1533 2035 1609 2098 Ma-

369 2147 474 2224 gistri
488 2145 636 2208 Mironis
650 2144 844 2207 discessum
859 2144 1001 2222 privata
1015 2151 1079 2204 est.
1098 2141 1225 2205 Omnia
1241 2151 1374 2218 tamen,
1395 2159 1487 2221 quae
1508 2141 1609 2204 Deus

371 2253 540 2333 disponit,
556 2252 702 2315 meliora
717 2251 972 2314 existimamus.

431 2359 627 2439 Coeperam
641 2374 708 2437 ego
724 2358 923 2421 doctrinam
942 2357 1174 2420 christianam
1194 2358 1372 2438 explicare
1394 2367 1429 2420 et
1449 2359 1606 2439 quinque

371 2468 428 2528 vel
447 2483 510 2530 sex
529 2466 698 2529 lectiones
717 2468 978 2545 praelegeram3
999 2465 1062 2528 sed
1084 2474 1183 2528 tanta
1205 2465 1403 2528 confluebat
1422 2466 1606 2528 hominum

371 2571 557 2636 multitudo
571 2581 609 2635 ut
631 2572 751 2635 vetula
766 2571 940 2652 quaedam
955 2589 999 2634 ex
1014 2573 1258 2652 oppressione,
1280 2589 1386 2652 quam
1407 2587 1517 2652 passa
1538 2583 1603 2649 est,

372 2686 494 2759 postea
505 2689 645 2742 mortua
657 2678 772 2758 suerit,
786 2678 857 2741 alia
869 2695 956 2741 vero
967 2679 1170 2742 exanimata
1183 2679 1448 2759 aliquantisper,
1463 2687 1498 2741 et
1512 2679 1604 2741 duae

370 2785 416 2848 ad
432 2785 593 2849 abortum
607 2786 821 2865 compulsae.
838 2785 922 2848 Inde
941 2785 1058 2847 visum
1079 2794 1132 2847 est
1153 2785 1271 2848 multis
1290 2800 1354 2865 per
1372 2793 1486 2848 totum
1510 2786 1604 2848 hunc

370 2909 526 2956 mensem
542 2891 693 2972 Augusti
713 2892 882 2956 lectiones
904 2892 1187 2956 intermittendas
1206 2902 1241 2955 et
1260 2893 1325 2955 sub
1346 2891 1451 2955 linem
1471 2893 1605 2956 mensis

371 3000 611 3064 resumendas.

416 3205 425 3236 ¹
454 3202 496 3248 lte
506 3203 549 3247 hle
559 3215 636 3248 manu
646 3203 752 3258 propria
762 3203 898 3257 Polaticus,
908 3204 950 3258 qul
965 3204 991 3247 ln
1002 3203 1105 3255 claron„
1121 3205 1137 3248 l.
1154 3215 1187 3259 c.,
1205 3203 1353 3260 scripserat:
1371 3218 1386 3248 ο
1400 3216 1464 3248 raro
1480 3205 1551 3248 cain.
1570 3205 1603 3247 Et

372 3287 462 3320 senens
472 3275 513 3320 hic
525 3285 579 3318 esse
590 3275 703 3318 videtur:
713 3286 727 3318 o
739 3279 775 3326 tu,
786 3275 833 3330 qui
847 3277 975 3318 naturam
994 3277 1020 3318 et
1036 3275 1152 3320 indolem
1170 3274 1268 3318 habere
1285 3276 1388 3319 videris
1406 3288 1457 3320 non
1476 3276 1540 3320 Abel
1557 3277 1604 3318 sert

373 3347 454 3394 Cain!
