3400 5532
414 542 469 602 358
799 541 969 598 mmm
989 555 1258 607 ommmtsms

412 704 470 768 g0,
487 687 618 767 perche
632 687 666 748 la
682 685 899 762 confusione,
915 687 949 747 la
964 686 1067 765 quale
1082 703 1153 747 non
1163 702 1270 764 posso
1286 684 1448 747 scacciar
1459 682 1506 745 da
1519 700 1581 760 me,
1594 702 1629 744 ne

413 801 432 858 ὲ
448 810 567 857 causa.

474 899 553 963 Alle
579 899 730 962 orationi
754 908 788 962 et
814 899 906 962 santi
931 897 1103 962 Sacrificii
1130 898 1221 962 della
1248 899 1288 962 R.
1315 896 1361 960 V.
1391 907 1426 960 et
1451 896 1495 960 de
1519 899 1594 959 tutti
1610 899 1626 956 li

415 1005 455 1070 R.
473 1006 511 1069 Ρ.
528 1015 562 1069 et
582 1005 780 1069 charissimi
799 1005 927 1068 fratelli
947 1007 1055 1068 molto
1075 1005 1302 1068 humilmente
1321 1005 1369 1068 mi
1390 1003 1627 1066 raccomando.

414 1112 494 1176 Non
509 1115 612 1176 altro.
629 1112 656 1174 Il
672 1109 802 1192 Signor
817 1111 850 1174 ci
864 1111 922 1174 dia
937 1111 1054 1192 gratia
1072 1112 1187 1175 chela
1202 1130 1266 1175 sua
1282 1121 1384 1174 santa
1405 1112 1544 1173 volunta
1559 1127 1624 1189 per-

414 1219 620 1282 fettamente
635 1219 807 1282 sentiamo
823 1227 856 1280 et
872 1218 1117 1281 intieramente
1132 1219 1342 1298 compiamo.
1360 1219 1486 1282 Amen.

476 1325 523 1388 Di
537 1325 704 1404 Messina,
724 1324 761 1386 14
776 1324 811 1387 di
828 1323 971 1404 Giuglio
990 1325 1076 1386 1551.

475 1431 530 1494 De
544 1430 590 1494 V.
605 1431 648 1495 R.
1062 1435 1066 1444 '

476 1537 633 1618 Indegno
649 1556 753 1602 servo
769 1540 804 1602 in
820 1540 973 1603 Christo.

1043 1753 1206 1815 ANNmAL
1221 1771 1267 1814 DA
1284 1754 1485 1815 Couonssro.

478 2071 525 2134 Al
539 2074 648 2135 molto
662 2071 739 2135 R.‘¹⁰
757 2073 793 2134 in
813 2071 953 2134 Christo
974 2073 1011 2134 P.
1034 2073 1057 2134 il
1075 2070 1114 2134 P.
1136 2069 1181 2134 M.
1203 2071 1368 2150 Polam,
1385 2071 1477 2135 della
1492 2071 1630 2149 Compa-

421 2178 507 2257 gnia
521 2179 565 2241 de
581 2179 701 2256 Giesu,
717 2179 754 2240 in
769 2178 892 2241 Roma.

478 2285 528 2347 Et
543 2303 654 2348 manu
670 2283 827 2348 Polanci
838 2284 876 2346 in
890 2285 1015 2364 infima
1027 2283 1189 2364 paginae
1203 2302 1283 2348 ora:
1296 2285 1339 2348 de
1359 2285 1498 2349 ratione
1517 2282 1634 2346 studio·

419 2407 508 2470 rum,
526 2391 722 2454 Messanae.

480 2499 529 2560 Et
542 2497 581 2578 J.
599 2498 669 2560 Ph.
696 2498 785 2560 Vz'to:
803 2499 890 2576 1551,
908 2499 1072 2561 Messina.
1096 2497 1132 2562 P.
1151 2499 1325 2562 Annibale
1340 2496 1534 2572 Coudreto,
1558 2496 1591 2557 14
1606 2494 1637 2553 di

423 2604 545 2684 giulio.

484 2710 538 2774 De
555 2713 691 2774 ratione
706 2712 913 2775 studiorum.
