3400 5532
361 523 416 582 342
746 523 917 582 erraaaa
936 537 1206 590 Quauntuesruus

360 670 429 731 lem
444 686 541 748 sane,
553 686 596 732 ac
607 667 766 732 divinum
776 668 963 748 quemdam
975 667 1139 732 affectum
1150 666 1196 731 ad
1207 667 1421 732 Societatem
1431 678 1593 732 nostram

362 774 561 838 ostendens.

421 880 603 945 Summam
627 892 746 945 autem
768 879 871 961 hujus
894 882 1078 945 concionis
1096 899 1293 962 prosequar
1315 879 1336 944 ¹.
1356 882 1492 946 Thema
1510 881 1589 945 fuit:

361 989 572 1051 mandatum
587 1005 720 1050 novum
734 988 779 1050 do
795 989 907 1066 vobis,
922 994 963 1050 ut
983 987 1151 1066 diligatis
1169 988 1337 1067 invicem,
1352 988 1445 1052 sicut
1463 993 1499 1051 et
1520 1006 1590 1067 ego

361 1095 479 1158 dilexi
499 1112 576 1158 vos.
603 1094 705 1178 Joan.
736 1094 782 1158 13.
809 1095 849 1158 In
873 1095 952 1174 lege
976 1095 1178 1159 carnalibus
1203 1096 1417 1177 rudibusque
1442 1094 1593 1178 Judaeis

361 1203 566 1266 mandatum
586 1202 667 1265 luit:
691 1201 825 1282 diliges
840 1203 1053 1282 proximum
1075 1209 1177 1266 tuum
1196 1203 1290 1266 sicut
1311 1209 1345 1266 te
1366 1202 1507 1283 ipsum,·
1521 1202 1590 1266 hoc

361 1327 447 1372 vero
462 1327 556 1372 novo
571 1309 628 1372 xi
647 1307 789 1372 Domini
804 1311 918 1373 nostri
932 1309 1101 1373 mandato
1114 1308 1277 1389 jubemur
1295 1309 1422 1372 debere
1442 1309 1591 1388 diligere

360 1415 559 1496 proximum
575 1416 667 1478 sicut
680 1433 746 1479 nos
760 1416 873 1496 ipsoS,
896 1413 1076 1495 videlicet,
1098 1417 1190 1479 sicut
1210 1415 1290 1480 X.¹¹s
1307 1415 1430 1480 dilexit
1448 1433 1531 1494 nOS,
1552 1425 1592 1479 ut

361 1523 507 1602 pulchre
522 1523 666 1601 exponit
682 1523 726 1586 D.
743 1523 897 1602 Cyrillus
910 1523 968 1586 lib.
985 1523 1015 1584 9.
1032 1524 1069 1586 in
1082 1523 1280 1604 Johannem
1294 1541 1325 1586 c.
1346 1522 1395 1586 23.
1412 1522 1593 1586 Doctores

362 1629 499 1708 docent,
514 1639 548 1692 et
558 1638 666 1708 recte,
679 1629 891 1693 charitatem
903 1647 981 1692 esse
994 1629 1204 1708 ordinatam,
1221 1637 1256 1692 et
1270 1630 1384 1710 primo
1397 1629 1552 1710 incipere
1568 1648 1590 1691 a

361 1735 453 1814 Deo,
472 1737 627 1800 secundo
647 1755 668 1800 a
687 1755 725 1800 se
744 1737 837 1816 ipso,
859 1745 945 1816 etc.;
965 1737 1028 1800 sed
1042 1737 1120 1816 ipsa
1135 1746 1263 1801 natura
1282 1737 1476 1814 charitatis
1494 1737 1531 1799 in
1551 1754 1592 1799 se

361 1845 596 1923 considerata,
610 1843 717 1906 alium
729 1842 802 1923 jam
816 1842 950 1906 dictum
964 1842 1125 1906 ordinem
1139 1852 1271 1907 servat.
1284 1843 1382 1906 Haec
1397 1843 1591 1925 novaJesu

360 1949 518 2015 Societas
530 1949 646 2014 studet
657 1967 727 2012 non
738 1951 852 2013 solum
865 1951 1042 2013 communi
1052 1950 1156 2013 modo
1168 1951 1257 2013 bene
1269 1950 1402 2028 vivere,
1415 1957 1454 2012 ut
1465 1967 1592 2012 omnes

359 2057 491 2140 Xpiani
505 2066 681 2137 tenentur,
698 2075 763 2120 nec
778 2066 914 2120 tantum
929 2058 1114 2120 excellenti
1128 2058 1249 2136 modo,
1265 2066 1303 2120 ut
1317 2057 1490 2136 religiosi,
1512 2058 1587 2134 sed,

358 2165 552 2228 secundum
570 2181 703 2228 novum
722 2164 816 2229 istud
836 2163 894 2226 Xi
913 2164 1130 2244 mandatum,
1151 2165 1448 2228 excellentissimo
1469 2165 1591 2236 modo;

358 2272 444 2335 nihil
465 2271 644 2335 dilectioni
667 2270 818 2334 fratrum
837 2273 1067 2352 anteponere,
1089 2271 1144 2334 sui
1163 2273 1297 2336 nullum
1318 2271 1450 2334 habere
1472 2289 1588 2351 respe-

357 2387 467 2457 ctum,
485 2395 523 2440 se
539 2379 654 2458 ipsum
668 2377 869 2456 exinanire,
892 2394 999 2457 seque
1014 2386 1127 2441 totum
1143 2377 1188 2441 ad
1202 2377 1271 2441 Dei
1285 2378 1455 2441 honorem
1469 2379 1588 2458 proxi·

357 2500 563 2564 morumque
585 2485 733 2547 salutem
754 2483 951 2562 effundere,
972 2484 1084 2547 vitam
1102 2485 1284 2564 propriam
1303 2501 1367 2564 pro
1386 2484 1588 2548 animarum

355 2591 468 2654 salute
494 2601 736 2669 contemnere,
758 2607 898 2654 omnem
916 2591 1067 2670 denique
1080 2591 1239 2654 laborem
1258 2607 1431 2672 omneque
1450 2593 1587 2671 pericu·

355 2699 426 2760 lum
441 2697 559 2760 subire
572 2715 637 2778 pro
653 2697 717 2762 X.⁰
730 2698 999 2778 animarumque
1014 2698 1138 2761 salute.
1155 2696 1278 2760 Novus
1293 2697 1378 2760 s‘ane
1393 2708 1428 2760 et
1450 2699 1587 2762 inaudi-

354 2814 411 2868 tus
425 2812 480 2866 est
494 2803 551 2868 hic
563 2804 762 2868 dilectionis
773 2805 910 2882 moduS,
924 2821 1029 2884 quem
1040 2803 1119 2868 X.¹¹⁸
1130 2804 1303 2879 dominus,
1317 2822 1361 2866 ex
1374 2805 1587 2869 boemundo

354 2911 398 2974 ad
410 2911 551 2974 Patrem
563 2911 788 2990 transiturus,
802 2912 896 2975 serio
908 2912 1091 2992 discipulis
1103 2909 1377 2975 commendavit.
1389 2911 1489 2974 Haec
1502 2911 1587 2976 San·

355 3028 414 3084 cta
433 3017 593 3082 Societas
612 3035 745 3082 novum
765 3019 859 3082 istud
883 3017 940 3081 Χ.ι
964 3018 1171 3082 mandatum
1196 3035 1261 3099 pro
1286 3017 1517 3081 fundamento
1544 3037 1587 3082 ac

353 3126 473 3190 radice
484 3126 600 3190 habet.
614 3124 693 3188 Non
709 3124 754 3188 ad
764 3125 980 3204 particulare
995 3125 1136 3205 aliquod
1148 3124 1334 3188 charitatis
1345 3141 1408 3188 seu
1423 3125 1586 3190 obedien-

354 3233 424 3298 tiae
448 3231 600 3296 officium
624 3249 663 3295 se
684 3231 910 3311 adstringunt
936 3233 995 3312 qui
1020 3231 1063 3294 de
1091 3231 1158 3294 hac
1178 3231 1354 3295 Societate
1373 3241 1474 3310 sunt,
1495 3233 1587 3296 sicut

352 3340 508 3419 reliquae
522 3340 712 3419 religiones
726 3337 873 3415 faciunt,
886 3338 949 3401 sed
964 3338 1011 3402 ad
1024 3355 1067 3401 ea
1079 3339 1209 3417 omnia,
1223 3340 1269 3402 ad
1283 3355 1374 3419 quae
1385 3339 1584 3415 mittuntur,

352 3463 488 3527 quaeve
504 3454 685 3527 tamquam
700 3445 910 3508 adsalutem
929 3445 1128 3508 animarum
1147 3445 1263 3525 magis
1283 3445 1384 3508 utilia
1403 3462 1484 3508 sese
1506 3446 1587 3509 olle-

353 3563 445 3622 runt.
462 3551 556 3616 Sane
570 3552 665 3616 istud
679 3561 732 3615 est
747 3560 822 3615 tam
836 3552 1014 3614 excellens
1029 3569 1073 3614 ac
1088 3560 1261 3631 sanctum,
1278 3561 1317 3615 ut
1332 3569 1474 3615 omnem
1487 3552 1586 3615 intel-

351 3661 482 3723 lectum
496 3676 665 3739 superare
679 3657 853 3721 videatur.
870 3657 949 3721 Non
964 3659 1093 3722 mirum
1114 3673 1200 3737 ergo
1220 3658 1250 3720 si
1271 3659 1360 3721 haec
1379 3656 1542 3722 Societas
1565 3678 1586 3720 a

357 3766 481 3846 paucis
506 3773 753 3844 cognoscatur.
780 3763 907 3828 Merito
927 3781 1013 3827 sane
1035 3772 1184 3828 vocatur
1209 3763 1368 3828 Societas
1386 3763 1491 3845 Jesu,
1514 3783 1586 3828 non

352 3872 446 3953 quod
471 3889 538 3936 nos
562 3873 672 3935 simus
696 3889 742 3935 ex
767 3871 936 3934 societate
962 3872 1108 3950 diaboli,
1134 3870 1197 3936 sed
1221 3871 1304 3952 quia
1328 3871 1585 3948 excellentiori,

354 3979 459 4042 immo
474 3978 769 4042 excellentissimo
784 3978 901 4057 modo,
919 3987 1087 4060 sequatur
1101 3978 1293 4042 Dominum
1305 3979 1426 4061 Jesum
1438 3977 1587 4058 ejusque

353 4094 498 4148 sanctos
513 4085 714 4166 Apostolos,
731 4084 809 4163 Ego
824 4101 946 4148 omnes
965 4100 1087 4148 eorum
1106 4085 1235 4163 bullas,
1258 4084 1529 4148 constitutiones
1551 4097 1586 4147 et

353 4192 523 4256 exercitia
543 4191 615 4270 legi
634 4191 830 4270 approbata
850 4199 884 4254 et
903 4190 1111 4256 confirmata
1130 4208 1194 4271 per
1213 4191 1422 4254 modernum
1442 4189 1587 4255 Pontifi-

353 4315 429 4361 cem
445 4297 589 4378 ejusque
604 4297 924 4378 praedecessorem.
948 4297 987 4361 In
1002 4299 1124 4361 habitu
1138 4306 1334 4379 sequuntur
1354 4315 1491 4361 morem
1511 4299 1587 4378 pio·

353 4421 431 4467 rum
445 4404 671 4467 sacerdotum
685 4403 908 4484 provinciae,
925 4403 960 4466 in
975 4403 1062 4467 cibis
1077 4413 1111 4467 et
1132 4404 1303 4467 similibus
1321 4404 1417 4466 nulla
1437 4414 1588 4469 utuntur

393 4607 402 4640 Ι
431 4606 545 4662 Sequens
554 4606 652 4651 Ruardl
667 4606 753 4660 Taper
769 4608 853 4652 oratio
871 4608 941 4652 edita
956 4608 1011 4664 jam
1026 4609 1051 4652 in
1067 4610 1151 4652 lucem
1167 4615 1208 4652 est
1224 4608 1251 4652 ln
1266 4607 1358 4653 Chron.
1377 4607 1433 4651 Soc.
1448 4607 1515 4662 Jes„
1524 4615 1543 4651 t.
1558 4619 1587 4658 n,

352 4691 410 4734 pag.
420 4679 467 4732 284,
479 4690 503 4723 n.
514 4679 562 4728 213.
573 4684 599 4722 et
609 4677 713 4722 dublum
723 4689 773 4722 non
784 4685 823 4722 est
833 4690 865 4722 ex
875 4679 915 4722 his
925 4679 997 4722 lllam
1007 4679 1103 4722 litteris
1114 4679 1191 4723 luisse
1202 4679 1371 4734 desumptam.
1382 4679 1431 4723 Est
1444 4685 1531 4724 tamen
1542 4679 1587 4724 hic

352 4750 451 4803 plenior
462 4755 487 4793 et
499 4749 666 4794 emendatior.
