3400 5532
363 532 418 591 286
745 530 916 590 erraaaa
935 544 1207 596 ouannruesrnns

365 678 413 742 cti
426 677 566 759 precari
578 677 756 754 debemus
771 675 935 739 extrudat
945 684 984 737 ut
995 673 1179 756 operarios
1189 691 1272 737 suos
1283 676 1318 736 in
1330 675 1472 737 vineam
1484 674 1589 738 istam

364 785 558 863 desertam,
580 801 686 863 super
709 799 816 862 quarn
841 781 895 860 (ut
918 781 1030 845 isaias
1050 781 1178 862 inquit)
1196 781 1392 844 ascendunt
1411 799 1540 861 vepres
1562 789 1596 844 et

366 891 500 972 spinae,
518 891 686 971 quianon
704 897 859 970 putatur,
876 905 949 953 non
962 888 1104 970 foditur,
1121 887 1270 952 diruitur
1284 885 1360 968 ejus
1371 889 1538 966 maceria,
1555 897 1591 952 ut

366 999 412 1062 sit
426 997 615 1061 haereticis
630 995 665 1060 in
680 996 916 1076 direptionem
930 1004 964 1059 et
979 995 1282 1059 conculcationem
1298 993 1318 1054 ¹.

427 1103 499 1168 Sed
517 1105 648 1167 nostris
671 1103 789 1167 verbis
815 1102 1080 1181 commendare,
1098 1101 1205 1165 immo
1224 1102 1408 1183 deplorare
1423 1111 1477 1165 ter
1492 1101 1596 1165 mise-

365 1227 445 1275 ram
459 1209 688 1274 Germaniam
702 1227 773 1273 non
788 1225 974 1274 necessum
988 1217 1057 1287 est;
1077 1225 1135 1272 res
1150 1210 1228 1290 ipsa
1243 1217 1392 1272 testatur
1409 1226 1479 1290 quo
1495 1209 1597 1272 deve·

367 1319 524 1381 nerimus
538 1317 651 1380 relicti
666 1334 687 1378 a
702 1317 820 1394 boniS,
844 1316 1006 1396 oppressi
1029 1333 1050 1377 a
1072 1316 1190 1394 malie,
1213 1316 1305 1395 pleni
1330 1315 1519 1391 scandalis
1537 1315 1595 1378 de-

367 1423 432 1487 diti
445 1423 563 1500 sectis,
580 1422 764 1486 obcaecati
779 1421 970 1500 erroribus,
988 1422 1146 1502 corrupti
1160 1421 1286 1485 studiis
1301 1422 1415 1484 omnis
1435 1421 1594 1501 impieta-

369 1532 426 1594 tis.
442 1529 489 1594 Ut
503 1530 637 1593 nullum
650 1528 927 1604 misericordiae,
949 1527 1143 1605 charitatis,
1167 1529 1429 1609 compassionis
1444 1528 1597 1592 officium

368 1637 537 1701 collocari
551 1653 656 1716 posse
677 1636 802 1700 iustius
825 1635 1005 1715 videatur,
1029 1651 1140 1716 quam
1163 1635 1199 1698 in
1224 1635 1481 1700 sublevandam
1503 1636 1598 1698 hanc

367 1762 477 1809 unam
494 1745 675 1808 nationem
694 1743 852 1807 omnium
872 1741 1153 1823 afflictissimam,
1169 1743 1403 1807 miserrimam
1426 1743 1598 1824 deprava·

369 1852 622 1932 tissimamque.
637 1851 788 1930 Excitet,
803 1868 947 1931 quaeso,
960 1849 1058 1914 Deus
1069 1851 1177 1914 totius
1188 1851 1454 1930 consolationis,
1469 1851 1599 1914 excitet

369 1959 531 2040 spiritum
545 1974 649 2022 suum
664 1957 897 2039 principalem
912 1957 948 2020 in
967 1956 1117 2020 fratrum
1138 1967 1341 2020 nostrorum
1362 1957 1540 2035 cordibuS,
1562 1967 1599 2020 ut

369 2065 581 2130 Germaniae
596 2073 753 2143 nostrae,
774 2063 873 2127 cuius
892 2063 1032 2126 inutiles
1050 2064 1155 2143 plane
1173 2063 1269 2127 servi
1284 2080 1420 2142 sumus,
1437 2064 1601 2143 germani

369 2173 419 2237 iili
437 2173 591 2236 cultores
614 2173 739 2236 adesse
759 2171 872 2234 velint
891 2180 927 2233 et
950 2171 1104 2252 possint,
1127 2168 1270 2234 effusuri
1284 2172 1391 2234 etiam
1406 2170 1471 2248 (uti
1486 2170 1599 2246 decet)

369 2281 579 2360 sanguinem
591 2297 698 2359 saepe
710 2296 775 2360 pro
785 2277 948 2342 Ecclesia
959 2275 1100 2342 Christi.
1115 2277 1201 2341 Oret
1211 2295 1277 2358 pro
1288 2278 1390 2341 nobis
1402 2275 1527 2341 R.‘¹²P.
1541 2276 1597 2352 T.,

369 2387 429 2450 cui
443 2386 674 2450 Germaniam
698 2386 814 2464 magis
833 2401 940 2465 quam
958 2385 1139 2465 nosipsos
1159 2384 1194 2447 in
1217 2383 1358 2448 Christo
1377 2383 1599 2448 commenda-

372 2503 445 2556 tam
459 2509 536 2555 esse
550 2493 717 2572 velimus,
734 2493 764 2555 si
783 2491 878 2572 loqui
898 2507 943 2554 ex
967 2491 1085 2555 auimo
1100 2491 1281 2570 debemuS,
1298 2507 1514 2571 quamquam
1528 2507 1598 2553 non

371 2599 489 2678 ignari
513 2615 599 2679 prae
621 2597 772 2661 caeteris
793 2597 965 2677 omnibus,
990 2597 1049 2678 qui
1068 2598 1106 2660 in
1119 2598 1187 2660 hac
1204 2596 1381 2661 Societate
1395 2607 1597 2674 versantur,

370 2720 479 2784 egere
492 2719 558 2767 nos
568 2705 758 2784 plurimum
771 2704 904 2766 sanctis
917 2704 988 2767 tuis
999 2704 1162 2784 precibus
1173 2702 1437 2785 sacrificiisque.

432 2809 638 2890 ingolstadii
649 2820 829 2890 postremo
844 2809 978 2890 Aprilis
993 2809 1060 2888 die,
1076 2818 1156 2890 post
1172 2809 1351 2873 Christum
1365 2819 1490 2874 natum
1505 2825 1598 2874 anno

375 2918 464 2981 1551.

432 3023 702 3104 Indignissimus
716 3023 809 3086 filius
825 3029 860 3085 et
874 3039 1000 3086 servus
1014 3023 1050 3086 in
1064 3021 1216 3086 Christo.

1109 3265 1248 3330 Peneus
1263 3265 1437 3330 Caursrus.

435 3774 713 3854 Supersmptzo.
756 3719 843 3836 lisiS.
889 3771 966 3836 RA⁰
980 3771 1078 3836 Patri
1096 3782 1218 3836 nostro
1232 3771 1269 3835 in
1288 3773 1431 3838 Christo
1446 3773 1602 3838 Domino

375 3881 582 3961 Praeposito
597 3879 787 3944 Societatis
801 3879 895 3962 Jesu.

436 3985 485 4049 Et
498 3987 657 4067 Joanm's
672 3985 840 4067 Philippi
857 3985 928 4048 Viti
939 4003 1062 4064 manu,
1075 3985 1113 4048 in
1127 3987 1310 4067 superiori
1318 3993 1486 4050 extrema
1497 4005 1602 4068 quur·

375 4101 432 4157 tae
442 4094 605 4174 paginae
619 4110 698 4156 ora:
712 4091 800 4155 1551.

434 4199 546 4282 Quad.
563 4200 790 4280 ingolstadio,
808 4198 940 4280 Aprile,
958 4199 1257 4264 Canisio.—Fatte
1268 4209 1357 4264 tutte
1372 4209 1407 4264 et
1422 4202 1602 4266 mandate.

435 4306 483 4370 Et
497 4307 584 4371 alt'a:
598 4307 709 4388 post.⁰
729 4306 870 4388 Aprilis.
1363 4291 1369 4300 ’

415 4549 423 4584 ¹
453 4551 523 4603 Quae
534 4551 663 4605 hucusque
674 4549 740 4594 dixit
751 4547 869 4593 canisius
883 4546 914 4590 de
932 4545 1129 4602 ingolstadiensi
1145 4547 1294 4602 Academia,
1313 4558 1328 4591 a
1342 4548 1431 4593 verbis
1444 4559 1537 4605 nempe
1554 4550 1605 4594 illis

373 4623 574 4676 christigratia
584 4633 644 4665 sum
659 4632 707 4676 ego
712 4621 784 4676 jam,
799 4617 876 4663 linei·
885 4619 1011 4663 conclusit
1021 4618 1148 4663 Poleutus
1157 4619 1231 4673 quui
1241 4630 1257 4662 ι
1266 4619 1394 4670 librariis,
1406 4619 1466 4665 dum
1477 4622 1527 4665 hu
1536 4629 1606 4666 tran·

375 4695 518 4740 scriberent
534 4695 648 4743 litterae.
667 4691 844 4737 transilienda.
861 4689 960 4734 Extant
977 4695 1065 4734 tamen
1082 4689 1107 4734 in
1124 4690 1220 4735 nostris
1235 4690 1333 4734 duobus
1351 4693 1522 4747 transumptis
1539 4704 1604 4747 quae

373 4777 454 4822 supra
465 4764 731 4810 commemoravimus.
