935 1458
354 157 386 172 Ax.
398 158 434 172 1112
674 158 701 172 079

84 197 144 211 terent
157 194 269 215 pauperibus,
280 194 302 210 ad
312 197 380 211 tantam
389 194 467 214 inopiam
477 194 562 213 redactis;
573 196 590 209 et
601 193 660 209 inveni
670 198 700 209 eos

85 222 130 237 satis
137 224 234 241 promptos,
246 221 275 241 qui
285 225 328 237 sane
338 221 433 237 liberaliter
440 221 463 236 ad
473 225 543 236 menses
554 220 619 240 aliquot
627 220 667 236 huic
676 220 699 236 in-

84 248 179 264 commodo
191 250 326 268 prospexerunt*
338 247 382 263 Cum
395 248 412 263 in
423 247 500 267 quadam
514 247 600 263 concione
613 251 700 267 pauperes

84 274 245 294 commendassem,
253 279 274 290 en
282 274 371 293 absoluta.
380 274 402 290 ad
409 274 537 290 sublevandam
544 278 642 294 pauperum
650 273 699 289 mise-

83 302 130 317 riam
136 301 277 321 aliquipannum,
284 301 363 317 nonnulli
369 303 433 319 vestes,
440 300 469 316 alii
475 301 534 320 telam,
540 300 611 321 quidam
617 300 698 318 farinam,

84 328 168 348 permulti
175 332 244 348 panem,
256 328 321 344 caeteri
329 332 410 343 nummos
420 330 472 347 atque
480 328 497 343 id
506 332 563 347 genus
573 327 628 343 multa
638 328 698 343 attulev

84 358 131 371 runt⁴
140 355 214 375 Insuper
221 355 270 370 viros
278 354 364 374 quosdam
371 356 388 370 et
395 354 485 373 mulieres,
493 354 561 370 nobiles
567 353 617 373 juxta
626 358 647 369 ac
653 354 698 373 pins,

84 382 190 401 rogavimus
198 384 216 397 ut
223 385 311 401 pauperes
318 384 335 397 et
342 381 420 397 infirmos
426 381 520 401 aliquando
528 381 630 399 visitarent,
637 385 698 396 conso>

83 409 164 424 latentur
172 410 189 424 et
197 408 223 423 eis
229 408 352 427 subvenirent;
360 408 407 428 quod
414 408 494 423 fecerunt
499 410 516 423 et
523 407 580 423 adhuc
587 412 627 423 curn
633 411 698 427 magna

84 435 173 451 charitate
180 437 198 450 et
203 435 323 450 consolatione
331 437 446 455 exequuntur.
455 434 500 450 Hinc
508 434 583 450 materia
590 434 674 450 laudandi
681 437 698 450 et

84 461 201 477 benedicendi
208 461 304 477 Dominum
311 461 362 477 nobis
367 461 425 481 datur,
432 462 461 481 qui
467 466 536 481 semper
543 465 575 481 pro
582 465 614 476 sua
620 461 698 476 bonitate

83 489 168 504 subvenit
175 488 262 506 omnibus.
269 488 298 508 qui
306 491 378 508 sperant
385 488 403 504 in
411 488 454 508 ipso.

115 515 240 535 Superioribus
252 514 314 530 diebus
326 514 443 530 decreverunt
455 514 619 530 Reverendissimus
630 514 697 530 Vicele·

84 544 146 566 gatus,
162 541 244 561 Episcopi
256 542 340 558 Vicarius
352 545 369 557 et
383 541 432 557 multi
447 541 477 557 alii
490 541 576 561 primates
589 541 698 557 monasteria

84 568 173 588 quaedam
183 568 285 588 reformare,
293 569 370 588 mihique
380 568 425 584 hanc
436 568 547 588 provinciam
558 568 670 587 delegarunt,
679 570 698 583 ut

84 595 148 611 horum
159 595 234 611 alterum
243 595 362 614 instituerem,
370 598 387 611 et
395 595 412 611 in
422 595 478 610 altero
488 595 613 613 concion-aren
622 594 639 610 in
651 594 696 614 quod

83 622 156 641 quidem
164 626 228 637 munus
236 622 326 642 hucusque
334 622 404 637 incubui
412 624 429 637 et
436 622 502 640 adhuc,
511 621 550 637 Deo
558 621 640 641 propitio.
651 621 669 637 in
677 625 698 636 eo

83 652 188 668 persevero,
196 653 231 664 non
239 648 277 664 sine
284 652 350 668 magna
358 648 479 664 aedificatione
487 648 614 664 monacharum
621 650 638 663 et
644 648 698 663 totius

83 675 169 691 civitat-is⁴
178 675 197 690 ln
208 675 245 690 istis
256 675 367 691 monasteriis
377 678 394 691 et
404 675 421 691 in
431 676 496 695 populo
504 675 564 691 videre
576 678 602 690 est
613 678 698 695 quantum

83 702 135 717 brevi
145 704 224 721 tempore
234 702 339 717 recesserint
349 706 360 717 a
368 702 446 722 pristinis
456 702 535 718 moribus
545 704 562 717 et
572 701 698 717 consuetudine

83 732 146 748 prava.
157 728 197 744 Non
210 732 300 744 cessamus
310 733 361 744 orare
373 728 457 744 Divinam
468 728 598 748 providentiam
611 731 628 743 et
638 730 697 748 poten-

83 755 127 771 tiam
135 757 154 770 ut
161 755 236 770 liberare
244 755 342 771 Ecclesiam
349 759 400 771 suam
405 755 487 775 dignetur
496 759 506 770 n
512 755 565 771 tantis
571 755 628 774 malis,
635 754 698 774 quibus

84 786 131 797 nunc
139 782 247 797 obvolvitur.

113 808 196 824 Nonnulli
204 808 333 828 adolescentes,
341 809 371 828 qui
379 808 416 828 jam
427 809 512 824 exercitia
522 808 608 827 fecerant,
622 809 697 828 ingressi

83 837 125 850 sunt
132 835 214 851 diversas
220 835 321 855 religiones,
330 835 376 855 quod
384 836 442 851 minus
449 835 486 855 apti
497 835 598 851 viderentur
607 835 629 850 ad
639 835 696 850 Socie*

83 862 125 877 tatis
136 864 207 877 nostrae
217 862 321 878 institutum.
336 862 411 882 Aliquae
421 866 490 882 quoque
502 862 581 881 virgines
594 862 697 877 monialium

83 888 192 904 monasteria
199 888 291 908 ingressae
297 891 343 908 sunt,
350 893 383 905 nec
390 889 453 905 desunt
461 893 506 909 quae
512 888 569 904 adhuc
577 888 623 904 idem
631 888 697 904 deside-

83 917 132 934 reim
141 920 163 930 ex
171 919 205 935 quo
213 916 297 935 colligere
305 918 332 931 est
340 918 416 935 quantus
423 916 446 931 sit
453 915 513 931 servor
521 915 592 931 virtutis
600 915 618 931 in
624 915 663 931 illis.

114 941 197 962 Superest
203 944 222 957 ut
229 946 283 958 unum
291 942 381 962 adjiciam,
390 942 437 962 quod
445 947 479 958 non
487 942 579 962 iudignum
587 942 644 957 relatu
651 942 697 957 vide-

83 971 117 984 tur.
126 968 186 988 Nuper
196 969 213 984 in
220 969 298 989 quodam
307 969 347 984 loco
355 972 406 984 extra
416 969 507 984 civitatem
517 969 567 984 multi
577 968 653 984 mendici
662 968 697 984 sue>

84 998 125 1011 runt
136 996 247 1015 congregati,
255 995 284 1011 ubi
293 998 310 1011 et
318 996 376 1011 adhuc
384 998 432 1015 sunt,
442 998 459 1011 et
469 996 533 1011 ibidem
543 996 660 1015 eleemosynis
670 1000 697 1011 su-

83 1024 192 1041 stentantur;
206 1024 242 1038 tum
255 1022 326 1042 quidam
340 1027 362 1038 ex
372 1022 441 1038 civibus
453 1022 542 1042 primariis
554 1022 577 1038 ad
587 1022 604 1038 id
618 1022 697 1042 deputati

85 1051 170 1064 venerunt
181 1049 204 1064 ad
214 1053 249 1068 me,
260 1049 325 1064 obnixe
335 1051 420 1069 rogantes
430 1051 449 1065 ut
457 1053 544 1069 pauperes
556 1049 595 1064 illos
605 1049 670 1069 populo
679 1049 697 1064 in

83 1075 169 1091 concione
174 1075 326 1095 commendarem
334 1076 382 1095 quod
390 1080 430 1091 curn
435 1075 525 1095 fecissem,
534 1075 586 1091 iidem
593 1080 662 1095 quoque
669 1080 697 1091 me

83 1102 199 1118 obsecrarunt
210 1105 229 1117 ut
238 1102 333 1122 aliquando
343 1102 366 1118 ad
377 1106 408 1118 eos
418 1102 443 1118 ire
453 1106 488 1118 non
501 1106 594 1122 gravarer,
607 1105 625 1117 et
635 1102 657 1117 ad
669 1102 697 1122 pie

83 1129 213 1148 christianeque
226 1129 321 1145 vivendum
333 1129 419 1144 hortarer*
431 1128 491 1149 Itaque
501 1128 562 1144 diebus
575 1129 625 1144 festis
638 1133 658 1144 eo
671 1129 697 1144 ire

83 1156 138 1175 soleo,
149 1158 166 1171 et
178 1155 204 1171 eis
215 1155 234 1171 in
243 1155 354 1171 hebdomada
366 1156 419 1171 semel
433 1158 463 1171 aut
473 1156 544 1175 iterum,
558 1156 605 1175 quod
617 1158 644 1171 est
653 1156 697 1176 ipsis

83 1185 194 1202 pergratum,
205 1183 306 1198 concionor.
315 1182 379 1198 Paucis
386 1182 450 1198 abhinc
460 1182 521 1198 diebus
529 1182 549 1198 R<
558 1182 576 1198 P.
589 1182 671 1198 Andreas
679 1185 695 1198 et

83 1213 117 1229 ego
125 1209 216 1229 coepimus
224 1209 284 1225 audire
294 1214 356 1225 eorum
364 1209 490 1228 confessiones,
499 1212 515 1225 et
526 1209 627 1225 venerabile
637 1214 695 1225 sacra-
