3426 5532
620 547 684 604 11.
707 545 773 604 rau
859 528 866 544 '
1257 547 1307 604 aar

94 692 186 756 vertit
204 691 294 755 duos
315 711 361 754 ex
381 691 548 756 iratribus
567 692 699 754 nostris
713 690 1037 772 appropinquantes
1052 700 1089 756 ut
1116 693 1307 770 solverent,

93 815 172 878 quos
184 799 239 861 ille
253 815 419 862 seorsum
433 815 580 862 vocaus:
596 797 762 878 numquid
779 815 850 862 non
864 800 950 862 estis
972 817 991 862 e
1010 797 1186 864 Societate
1204 799 1310 882 Jesu?

93 905 152 969 Ubi
163 921 233 968 rem
249 905 301 967 ita
317 922 396 968 esse
407 905 590 984 comperit,
602 922 675 968 non·
684 905 843 984 permisit
853 913 891 968 ut
903 905 1092 984 solverent,
1107 907 1193 986 quin
1204 906 1311 972 etiam

93 1013 123 1074 in
136 1012 332 1075 cubiculum
347 1029 451 1076 suum
465 1011 576 1088 duxit,
593 1012 651 1075 ubi
666 1011 827 1092 promisit
841 1028 981 1076 omnem
996 1029 1141 1092 operam
1156 1029 1267 1076 suam.

143 1117 218 1182 Duo
232 1119 329 1196 laici,
347 1118 513 1199 conjugio
528 1118 694 1198 copulati,
710 1118 910 1182 habitantes
932 1116 1006 1183 fere
1023 1119 1059 1182 in
1074 1119 1199 1184 ultima
1213 1121 1311 1184 urbis

94 1233 191 1302 parte,
208 1242 422 1304 perannum
442 1225 591 1304 singulis
610 1224 732 1288 diebus
752 1224 940 1288 dominicis
962 1224 1008 1288 ad
1029 1243 1094 1288 nos
1114 1224 1312 1290 confessuri

92 1342 225 1410 peccata
240 1351 308 1402 sua
324 1331 511 1410 accedunt,
528 1332 654 1413 quibus
669 1339 703 1395 et
718 1341 981 1395 sacramentum
993 1331 1240 1396 Eucharistiae
1253 1332 1311 1396 ad·

93 1438 314 1502 ministratur.
332 1439 465 1503 Eorum
480 1456 572 1502 unus
587 1439 636 1502 ait
657 1457 710 1518 se,
728 1439 772 1502 ab
792 1438 917 1503 eodem
936 1449 1113 1520 ternpore,
1131 1457 1200 1521 quo
1219 1440 1313 1504 hunc

94 1545 223 1608 vivendi
237 1545 385 1609 modum
405 1561 597 1626 aggressus
616 1553 685 1622 est,
708 1544 796 1608 adeo
819 1544 855 1608 in
875 1563 913 1608 se
935 1546 1107 1610 nutritum
1122 1547 1313 1626 patientiae

93 1651 240 1730 spiritum
256 1663 307 1727 ut,
327 1653 388 1732 qui
402 1652 486 1716 olim
496 1669 580 1716 cum
595 1669 706 1715 uxore
725 1669 790 1715 sua
810 1667 948 1731 semper
963 1651 1100 1717 discors
1111 1662 1205 1732 1111,
1219 1670 1313 1717 nune

93 1757 130 1818 sit
141 1757 184 1820 ad
198 1761 397 1822 maximam
411 1758 578 1822 redactus
592 1758 833 1822 concordiam.

140 1863 266 1944 Opinio
280 1875 339 1928 est
353 1867 545 1931 multorum
559 1875 642 1929 tunc
657 1882 786 1928 nomen
797 1863 986 1931 Societatis
997 1875 1140 1930 nostrae
1151 1865 1308 1930 futurum

93 1971 120 2033 in
132 1972 195 2034 hac
208 1973 399 2036 academia
414 1974 564 2051 celebre,
580 1989 660 2036 cum
675 1973 801 2050 aliquis
816 1991 860 2036 ex
876 1974 946 2050 illa,
963 1973 1020 2037 vir
1032 1973 1111 2052 pius
1123 1983 1159 2036 et
1170 1973 1308 2052 doctus,

93 2089 142 2142 aut
164 2079 438 2143 concionabitur
463 2088 523 2142 aut
548 2081 653 2159 leget3
680 2096 764 2144 nam
788 2079 871 2160 quid
890 2097 955 2143 nos
976 2080 1012 2143 in
1033 2087 1131 2143 tanto
1150 2080 1310 2144 virorum

93 2186 297 2250 eruditorum
314 2195 419 2250 coetu
434 2188 638 2266 possumus?

142 2293 351 2371 Quemnam,
379 2295 438 2373 qui
464 2294 700 2357 anathematis
720 2293 829 2372 nodo,
856 2294 1044 2358 intervallo
1070 2295 1224 2375 quinque
1249 2303 1310 2366 aut

19 2415 20 2426 ¹
94 2413 145 2460 sex
167 2417 361 2476 annorum,
379 2399 709 2479 constringebatur,
731 2417 812 2464 cum
828 2399 980 2464 adverso
1005 2401 1311 2465 reconciliabimus

94 2505 218 2570 homine
233 2508 538 2588 absolutionisque
553 2506 760 2571 beneficium
776 2507 808 2570 ei
823 2508 1029 2572 curavimus
1044 2507 1209 2589 impendi.

143 2611 317 2694 Plerique,
334 2630 484 2694 quorum
499 2615 643 2678 nomina
659 2613 705 2678 ad
719 2623 752 2678 te
772 2615 972 2694 transmisi,
989 2614 1119 2678 obnixe
1138 2633 1194 2679 me
1210 2631 1311 2696 roga·

96 2727 173 2798 runt,
185 2730 222 2783 ut
235 2731 272 2784 tc
286 2739 349 2800 per
362 2737 489 2784 nomen
500 2719 644 2783 Domini
655 2720 775 2784 Nostri
785 2719 870 2802 Jesu
881 2719 1015 2786 Christi
1026 2720 1261 2802 obsecrarem,
1274 2731 1312 2786 ut

20 2895 21 2898 Ἴ
96 2825 162 2890 illos
178 2837 212 2890 et
232 2828 438 2892 orationum
457 2837 491 2890 et
510 2826 672 2891 laborum
691 2836 726 2891 et
746 2828 904 2892 omnium
925 2828 1100 2893 bonorum
1124 2829 1313 2894 universae

96 2930 271 2997 Societatis
291 2945 451 3011 nostrae,
473 2945 654 3016 tamquam
679 2934 862 2998 Praelatus
883 2933 958 3014 ejus
980 2934 1180 3014 Generalis,
1202 2937 1313 3000 velles

96 3039 157 3102 11111
174 3042 385 3122 participes,
407 3050 441 3104 et
458 3040 563 3121 hujus
581 3041 631 3105 tui
649 3059 816 3106 assensus
835 3042 972 3105 litteras
996 3043 1042 3106 ad
1061 3060 1123 3106 eos
1141 3043 1311 3122 mitteres,
1371 3027 1375 3036 ⁴

97 3149 329 3222 promittentes
350 3166 389 3212 se
409 3166 549 3230 quoque
570 3159 682 3213 totam
701 3149 1015 3228 congregationem
1035 3159 1195 3213 nostram
1218 3149 1312 3212 altis·

96 3253 169 3318 simo
182 3257 262 3320 Deo
279 3255 601 3320 commendaturos

144 3360 296 3440 Quidam
310 3362 409 3426 hisce
424 3362 547 3426 diebus
561 3361 707 3440 flander,
721 3361 862 3442 juvenis
876 3362 1172 3441 modestissimus,
1188 3362 1219 3424 si
1234 3363 1313 3442 quis

96 3466 182 3546 alius,
198 3471 234 3532 in
251 3471 469 3548 palaestram
484 3469 734 3533 exercitiorum
753 3469 988 3550 spiritualirmr
1010 3485 1048 3532 se
1069 3469 1232 3544 contulit,
1253 3468 1313 3532 ubi

98 3589 164 3638 curn
176 3575 329 3652 mund0,
346 3593 455 3639 carne
469 3585 504 3639 et
518 3575 657 3638 diabolo
673 3575 836 3650 dimicat,
860 3575 904 3639 de
923 3591 993 3656 quo
1013 3575 1189 3640 viciniora
1207 3575 1313 3638 saluti

99 3697 282 3756 speramus.

147 3786 244 3854 Duos
261 3789 422 3852 misimus
436 3788 595 3868 Romam,
612 3807 699 3869 quos
715 3788 789 3870 jam
808 3789 1012 3870 propediem
1033 3789 1079 3853 ad
1098 3806 1164 3853 vos
1185 3789 1313 3852 adven·

99 3903 183 3958 turos
195 3913 385 3978 speramus
402 3895 422 3957 ¹.
720 3898 727 3912 '

148 3999 269 4066 Studia
283 4001 409 4066 eadem
424 4011 506 4066 sunt
519 4002 669 4068 fratrum
684 4021 774 4083 quae
789 4003 899 4084 prius,
915 4003 983 4066 hoc
994 4019 1067 4066 uno
1078 4003 1232 4085 dempto,
1248 4003 1313 4066 sci·

98 4105 176 4188 licet,
201 4111 296 4192 quod
321 4109 391 4173 duo
410 4128 454 4174 ex
474 4110 543 4174 illis
562 4110 717 4174 studium
741 4109 981 4189 theologicum
1006 4111 1247 4191 arripuerunt,
1269 4110 1313 4174 de

97 4215 209 4290 quibus
220 4235 294 4280 non
308 4217 454 4280 memini
467 4234 514 4280 an
528 4217 746 4299 scripserim.

148 4319 308 4403 Reliqua.
324 4324 467 4402 quaein
485 4321 561 4386 dics
574 4323 677 4400 fiunt,
698 4341 763 4388 nec
777 4323 933 4388 511111111
952 4340 1018 4388 nec
1037 4323 1238 4388 meminisse
1257 4333 1314 4387 sat

100 4442 239 4500 1115511111.

134 4705 141 4734 ¹
166 4705 274 4757 Jonnncs
286 4707 405 4761 Baptista
416 4707 536 4750 Tavonus
547 4715 571 4752 et
582 4707 737 4759 joachimus.
750 4707 797 4752 Hic
806 4706 898 4759 joachi
907 4717 955 4752 nus
964 4707 1007 4752 1111
1020 4705 1203 4758 11111111111551,
1221 4707 1251 4752 de
1263 4719 1315 4762 qao

103 4770 230 4832 01111111,
243 4783 258 4822 Ι.
270 4791 294 4822 c.
306 4789 367 4832 pag.
383 4777 393 4820 1
406 4783 426 4819 ⁸.
1368 4775 1371 4784 ’
