3400 5524
338 437 389 494 lat
718 435 887 496 Ltrruaan
907 451 1178 505 Quaournssrruts

395 582 565 646 Curatum
580 591 634 644 est
648 583 755 644 etiam
770 582 804 644 in
820 583 886 645 hac
903 583 1046 645 civitate
1061 582 1244 662 negotium
1258 582 1490 663 pupillorum,
1506 584 1568 663 qui

335 689 392 752 hic
408 691 540 768 absque
554 690 624 752 ulla
640 698 741 751 erant
762 688 1055 768 congregatione,
1078 706 1144 751 nec
1167 698 1243 752 erat
1262 690 1322 770 qui
1342 691 1484 754 illorum
1504 692 1567 754 ali·

335 812 441 875 quam
454 813 577 858 curam
591 803 741 874 gereret.
756 793 874 874 Quare
888 795 983 856 bulla
998 796 1187 858 erectionis
1199 794 1301 877 hujus
1312 798 1566 877 congregatio·

335 904 390 966 nis
411 904 590 983 publicata
610 914 679 980 est,
702 901 930 983 praedicante
952 902 1010 965 illa
1032 901 1210 966 dominica
1231 902 1337 966 Patre
1359 903 1505 984 Laynez
1527 905 1567 968 in

335 1026 457 1072 corum
471 1011 636 1089 gratiam;
656 1010 712 1072 cui
727 1009 982 1089 praedicationi
1002 1026 1083 1072 cum
1106 1010 1292 1072 interesset
1306 1009 1456 1074 Pro-rex
1474 1021 1566 1074 tota·

335 1133 402 1196 que
417 1117 561 1189 civitae,
577 1115 777 1179 factumest
792 1126 830 1179 ut
844 1117 887 1179 de
906 1114 1089 1196 Pro-regis
1104 1117 1289 1195 mandato,
1311 1117 1468 1187 civitatis
1491 1117 1567 1182 dux

335 1232 370 1285 et
384 1223 528 1303 quidam
544 1224 633 1286 alius
648 1241 693 1286 ex
707 1223 907 1302 praecipuis
922 1222 1098 1286 nobilibus
1112 1223 1283 1303 plurimos
1296 1223 1467 1304 primates
1482 1241 1566 1288 con·

335 1331 496 1393 venirent
512 1341 545 1393 et
560 1330 706 1408 nobiles,
723 1329 804 1393 huic
820 1340 858 1393 ut
878 1329 1100 1392 sociarentur
1113 1329 1338 1392 fraternitati.
1356 1329 1458 1394 Unde
1481 1331 1566 1394 huic

336 1455 374 1499 se
388 1436 599 1500 addixerunt
613 1437 869 1517 quinquaginta
885 1437 953 1499 viri
968 1437 1115 1516 egregii;
1132 1436 1346 1517 quidamque
1361 1437 1490 1500 nobilis
1505 1455 1564 1502 an-

335 1545 395 1607 nui
410 1544 566 1608 redditus
581 1543 728 1625 triginta
743 1544 883 1623 uncias,
906 1543 941 1608 id
960 1552 1029 1620 est,
1053 1553 1193 1606 scutata
1215 1545 1445 1624 septuaginta
1465 1543 1564 1624 quin·

336 1668 403 1730 que
426 1650 446 1727 ¹,
471 1652 547 1714 istis
572 1651 741 1732 orphanis
764 1650 922 1730 reliquit:
950 1650 1009 1730 qui
1033 1651 1139 1713 etiam
1161 1650 1310 1730 collegio
1330 1659 1455 1714 nostro
1475 1649 1565 1714 duas

335 1757 480 1821 dederat
494 1758 633 1834 domos,
650 1773 741 1838 quae
756 1757 904 1837 singulis
920 1757 1022 1820 annis
1037 1759 1199 1819 locantur
1213 1765 1353 1820 centum
1373 1757 1502 1820 unciis.

395 1865 459 1928 His
472 1865 686 1946 generaliter
699 1874 780 1929 sunt
795 1863 994 1946 perstricta,
1011 1881 1101 1944 quae
1115 1880 1179 1944 per
1193 1865 1347 1943 gratiam
1361 1863 1429 1928 Dei
1444 1865 1505 1927 hic
1520 1865 1564 1928 ad

334 1971 401 2035 Dei
415 1973 566 2052 gloriam
587 1980 690 2052 gesta
711 1980 808 2049 sunt,
832 1971 972 2033 omissis
993 1970 1133 2033 interim
1155 1971 1444 2050 particularibus,
1470 1986 1564 2052 quae

333 2079 488 2159 quotidie
513 2078 600 2142 fiunt
624 2079 733 2140 multa
758 2094 821 2158 per
846 2077 1021 2158 colloquia
1047 2075 1227 2156 Pro-regis
1256 2087 1292 2140 et
1317 2075 1561 2157 Pro-reginae,

334 2187 425 2249 unde
439 2187 538 2250 multi
553 2184 777 2265 adjuvantur.
795 2185 848 2248 De
863 2184 1026 2248 omnibus
1045 2183 1207 2247 laudetur
1228 2182 1340 2264 Deus,
1363 2185 1423 2265 qui
1444 2184 1562 2248 omnia

334 2295 370 2356 in
388 2294 549 2357 omnibus
569 2300 747 2372 operatur,
772 2277 941 2371 nobisque
954 2299 1183 2370 augmentum
1201 2292 1338 2370 gratiae
1362 2299 1398 2354 et
1416 2291 1562 2372 spiritus

334 2409 503 2478 praestet,
520 2409 558 2462 ut
581 2399 726 2462 servitio
746 2415 810 2460 suo
830 2397 986 2477 quotidie
1004 2397 1199 2461 ferventius
1219 2398 1423 2462 insistamus
1445 2415 1561 2462 suum·

333 2525 400 2586 que
415 2507 586 2569 honorem
601 2514 636 2568 et
649 2505 803 2584 gloriam
814 2521 953 2583 semper
967 2505 1003 2566 in
1019 2505 1181 2566 omnibus
1193 2520 1417 2584 quaeramus.
1431 2503 1560 2568 Arnen.

369 2635 374 2642 ·
393 2611 557 2675 Panormi
576 2613 611 2672 15
627 2609 811 2674 Februarii
829 2611 915 2674 1550.

373 2889 381 2921 ¹
410 2889 499 2932 Verba
508 2889 579 2932 haec:
592 2889 619 2931 id
630 2891 678 2940 est,
688 2891 794 2931 scutata
805 2891 978 2944 septuaginta
996 2891 1122 2944 quiaque,
1137 2891 1163 2932 in
1178 2889 1302 2942 margine,
1319 2889 1363 2932 sed
1378 2889 1514 2931 contextui
1524 2889 1559 2930 in·

332 2961 447 3012 terenda,
457 2961 561 3016 scripsit
570 2960 703 3004 Polaticus.
