3400 5524
387 473 441 537 186
774 475 944 535 Limenia
963 490 1232 543 ounomuesraus

385 629 568 701 queretur,
582 618 706 700 iulium
728 630 812 684 tunc
832 620 938 698 dedit,
956 632 991 682 et
1011 621 1156 699 rogavit
1177 629 1216 684 ut
1236 619 1379 684 domurn
1393 637 1513 700 suam,
1530 639 1603 701 quae

384 735 439 791 est
462 725 657 806 Volsenae,
686 727 876 805 adiremuS,
902 745 945 790 ac
971 743 1014 790 eo
1038 726 1111 806 die,
1139 744 1208 808 quo
1233 745 1276 790 eo
1300 728 1441 790 venturi
1464 745 1601 805 eramus,

386 834 571 915 praemisit
598 833 657 914 qui
685 851 751 897 nos
776 835 918 898 domum
947 851 1048 898 suam
1077 834 1311 912 adducerent,
1342 834 1488 915 ipseque
1512 836 1602 898 etiam

384 940 527 1004 obviam
551 941 735 1021 processit.
763 937 833 1004 Sed
858 949 1049 1021 antequam
1069 958 1136 1004 nos
1159 941 1365 1022 reperisset,
1387 939 1557 1022 Baptista,
1577 943 1602 1003 in

383 1049 504 1129 platea
517 1048 688 1129 quadam,
705 1056 864 1128 quaeest
875 1047 977 1127 juxta
992 1047 1099 1112 aedes
1114 1045 1206 1126 ejuS,
1220 1049 1454 1112 concionatus
1474 1060 1544 1126 est,
1558 1050 1603 1112 cui

384 1155 509 1235 etipse
524 1153 646 1218 adfuit.
663 1153 825 1218 Perfecta
840 1155 1029 1234 concione,
1044 1153 1187 1218 domum
1200 1155 1317 1234 duxit,
1331 1155 1449 1235 ibique
1461 1173 1504 1218 ea
1514 1168 1603 1218 nocte

384 1259 530 1339 suimus;
553 1276 657 1341 quem
671 1277 832 1324 amorem
851 1278 1029 1341 quamque
1051 1260 1335 1325 benevolentiam
1347 1262 1450 1326 nobis
1471 1279 1555 1342 prae
1573 1280 1602 1324 sc

385 1368 520 1447 tulerit,
536 1367 640 1431 vobis
653 1368 883 1448 cogitandum
897 1368 1069 1449 relinquo.
1093 1368 1196 1432 Certe
1217 1369 1360 1432 domum
1379 1386 1481 1432 suam
1503 1367 1605 1432 Socie-

385 1474 448 1536 tati
462 1474 547 1555 Jesu
563 1489 703 1554 semper
718 1483 879 1554 apertam
893 1473 970 1538 fore
991 1471 1163 1555 promisit.
1188 1475 1277 1540 Cum
1291 1476 1366 1556 ipse
1387 1487 1422 1539 et
1438 1493 1529 1539 uxor
1542 1473 1606 1554 ejus

385 1581 645 1661 accubuissent,
663 1581 834 1662 Magister
845 1580 1013 1646 Nicolaus
1021 1581 1127 1661 jussit
1138 1581 1267 1666 Joanni
1279 1593 1317 1645 ut
1329 1583 1381 1646 eis
1393 1583 1607 1647 concionare·
1686 1635 1687 1646 ,

388 1696 455 1750 tur.
473 1685 640 1769 Sequenti
662 1688 734 1766 die,
756 1706 837 1752 cum
856 1705 922 1750 nos
945 1689 1097 1752 retinere
1119 1706 1191 1752 non
1213 1699 1349 1769 posset,
1370 1688 1468 1767 jubet
1490 1706 1607 1768 equum

388 1795 508 1874 parari
529 1809 635 1875 quem
647 1795 804 1878 Joannes
824 1793 1178 1875 Aquampendentem
1193 1812 1304 1876 usque
1323 1795 1510 1876 equitavit.
1528 1795 1607 1857 Huic

385 1900 463 1963 viro
476 1901 609 1980 optimo
616 1900 829 1965 Vincentius
838 1899 1006 1964 Mandula
1016 1917 1147 1964 nomen
1157 1911 1221 1981 est,
1239 1911 1273 1964 et
1283 1900 1464 1964 Volsenae
1476 1901 1603 1965 habitat

387 2007 494 2070 aedes
512 2007 591 2072 illas
618 2024 707 2089 quas
726 2008 832 2071 habet
851 2006 972 2071 Rmus.
994 2007 1195 2072 Cardinalis
1217 2007 1382 2074 Tiberius
1403 2008 1560 2088 Crispus.
1577 2009 1607 2069 ln

388 2114 542 2194 quodam
556 2114 626 2177 alio
641 2113 808 2195 oppidulo
829 2113 989 2195 Baptista
1011 2114 1243 2177 concionatus
1265 2124 1333 2195 est,
1355 2116 1392 2177 in
1413 2115 1484 2177 alio
1504 2113 1608 2178 lhad·

386 2220 506 2283 daeus.
529 2218 656 2285 Sienae
676 2230 780 2284 nocte
800 2220 858 2284 illa
872 2238 943 2301 qua
957 2239 1000 2284 eo
1022 2220 1229 2284 devenimus
1252 2221 1462 2284 commorati
1483 2238 1608 2298 sumus,

385 2343 454 2406 qua
463 2325 676 2390 Thaddaeus
688 2345 759 2392 una
768 2344 850 2390 cum
860 2327 1023 2390 Aillonin
1038 2328 1143 2392 domo
1155 2328 1279 2391 matris
1288 2344 1375 2391 suae
1382 2327 1461 2391 fuit.
1471 2327 1609 2391 Postera

384 2432 441 2495 die
452 2433 541 2496 satis
551 2435 687 2497 lautum
701 2433 890 2514 prandium
903 2432 1014 2497 frater
1029 2433 1107 2513 ejus
1122 2435 1221 2499 nobis
1248 2434 1407 2498 exhibuit
1429 2451 1472 2498 ac
1495 2445 1610 2515 postea

384 2537 490 2602 Siena
511 2539 749 2603 discessimus.
770 2539 988 2619 Florentiae,
1006 2558 1076 2620 quo
1090 2558 1220 2604 novem
1235 2541 1357 2604 diebus
1372 2539 1487 2603 Roma
1510 2540 1608 2603 deve-

384 2645 513 2725 nimuS,
535 2646 639 2710 solita
659 2645 851 2726 charitate,
873 2646 1053 2710 hilaritate
1074 2657 1109 2710 et
1129 2647 1375 2710 benevolentia
1402 2665 1423 2708 a
1445 2645 1613 2727 Magistro

383 2751 542 2835 Joanne¹
558 2753 693 2833 recepti
704 2751 846 2833 suimus,
863 2752 922 2833 qui
936 2753 1026 2816 duos
1038 2754 1122 2832 ,dies
1142 2771 1209 2816 nos
1230 2754 1361 2817 invitos
1380 2754 1535 2816 retinuit.
1554 2753 1612 2815 Ba·

384 2859 491 2939 ptista
500 2857 537 2922 in
543 2860 661 2939 platea
668 2858 791 2938 Ducis,
801 2860 921 2923 Aillon
932 2860 1053 2924 inforo
1062 2860 1211 2939 olitorio,
1225 2861 1429 2924 concionati
1440 2869 1533 2939 sunt,
1547 2860 1613 2939 qui-

383 2965 449 3028 bus
465 2975 560 3030 certe
574 2966 662 3029 satis
676 2965 840 3046 frequens
860 2969 986 3030 concio
1007 2967 1082 3030 suit.
1105 2966 1334 3030 Reverendus
1353 2965 1390 3028 in
1412 2965 1554 3030 Christo
1578 2964 1612 3026 P.

384 3070 600 3152 Alexander,
617 3073 759 3153 quicum
772 3072 875 3137 hodie
886 3074 923 3137 in
937 3074 1097 3136 cubiculo
1110 3091 1174 3136 suo
1185 3073 1246 3136 diu
1255 3074 1393 3135 locutus
1404 3089 1483 3136 sum
1495 3121 1503 3150 ,
1516 3073 1566 3135 ita
1582 3090 1617 3133 se

383 3179 601 3243 orationibus
613 3181 683 3244 tuis
695 3182 928 3260 commendat,
942 3191 980 3245 ut
992 3181 1051 3261 qui
1063 3181 1217 3244 maxime
1228 3179 1469 3243 commendari
1482 3179 1615 3259 cupiat.

445 3285 551 3365 Vale,
573 3284 733 3350 etlilium
754 3287 938 3367 indignum
958 3287 1029 3349 tuis
1048 3286 1267 3350 orationibus
1282 3285 1430 3365 adjuva,
1455 3293 1489 3348 et
1512 3285 1616 3346 simul

383 3389 593 3456 Reverendo
608 3393 644 3455 in
659 3392 801 3456 Christo
815 3392 853 3455 P.
870 3393 1023 3471 Ignati0,
1042 3393 1072 3454 si
1085 3393 1184 3470 libet,
1201 3392 1422 3454 commenda.

445 3497 578 3562 Datum
591 3498 810 3574 Florentiae,
831 3499 867 3562 16
882 3498 1030 3562 Kalend.
1049 3498 1182 3577 Aprilis
1200 3497 1288 3558 thio.

447 3605 616 3685 Indignus
631 3605 723 3668 lilius
1305 3631 1311 3638 ·

970 3819 1195 3882 Lnuxeurtus
1219 3819 1440 3880 Busuannus

448 4133 976 4215 &perscriptio-Reverendo
992 4140 1028 4201 in
1044 4137 1185 4201 Christo
1202 4137 1299 4200 Patri
1313 4136 1480 4216 Polanc0,
1498 4135 1626 4200 Socie-

385 4240 469 4304 tatis
495 4240 580 4323 Jesu
607 4239 791 4306 Sacerdoti
817 4244 1036 4324 dignissimo.
1064 4244 1169 4325 Apud
1197 4243 1365 4308 Sanctum
1391 4241 1559 4307 Marcum
1588 4246 1623 4307 in

387 4347 533 4410 aedibus
546 4365 638 4428 quae
652 4347 813 4428 adiacent
828 4351 944 4415 Divae
959 4351 1093 4414 Mariae
1109 4352 1151 4414 de
1167 4351 1301 4430 Strata,
1318 4349 1464 4413 Romae.

426 4587 435 4621 ¹
464 4583 725 4640 Jounneade'lloasiu.
