3442 5538
403 523 440 580 58
782 521 955 582 Limenia
974 538 1245 592 ouanaruasraas

395 666 577 730 Christum
592 667 813 732 subeundum
829 669 902 749 apti
918 669 1047 732 simus?
1061 666 1127 748 At,
1153 687 1197 732 ne
1212 668 1316 734 nimis
1331 667 1565 732 exardescere
1578 671 1622 731 vi·

396 772 495 852 deur,
513 791 594 837 cum
609 775 676 838 sim
690 774 852 856 frigiduS,
868 776 915 839 ad
931 793 1008 840 rem
1023 775 1177 840 redeam.

457 877 614 961 Septimo
629 881 707 945 Kal.
723 881 878 961 SextiliS,
893 901 984 947 unas
995 901 1017 946 a
1029 883 1202 963 Magistro
1216 879 1360 948 Simone
1374 884 1512 948 litteras
1526 901 1623 948 acce-

395 988 522 1069 pimus,
540 987 666 1068 quibus
679 997 831 1069 quatuor
845 1007 891 1052 ex
906 989 1075 1053 fratribus
1090 990 1296 1054 accersebat
1313 998 1352 1054 ut
1371 989 1417 1054 ad
1431 988 1623 1071 Aethiopes

396 1095 629 1175 mitterentur,
650 1097 710 1176 qui
729 1113 879 1175 regnum
894 1096 1108 1178 Manicongo
1123 1097 1293 1178 incolunt,
1306 1114 1456 1179 quorum
1471 1099 1625 1161 maxima

396 1218 482 1282 pars
502 1215 556 1266 est
579 1201 770 1282 baptizata.
790 1201 860 1267 Sed
879 1220 960 1268 cum
979 1204 1137 1268 nondum
1159 1205 1229 1268 sint
1249 1204 1412 1268 doctrina
1433 1203 1625 1268 christiana

395 1308 605 1389 confirmati,
627 1309 795 1391 multique
814 1309 986 1388 infideles,
1007 1320 1045 1374 ut
1060 1312 1105 1374 ad
1124 1310 1229 1375 fidem
1244 1311 1376 1376 Christi
1394 1311 1626 1392 deducantur,

395 1432 481 1494 rege
495 1416 699 1480 Lusitaniae
710 1426 861 1498 petente,
876 1418 943 1481 hos
958 1417 1087 1482 iratres
1103 1417 1141 1481 Ρ.
1162 1416 1283 1482 Simon
1298 1419 1479 1482 constituit
1490 1419 1625 1482 mitten·

395 1522 472 1586 dosa
498 1521 692 1603 Georgium
716 1524 811 1603 Vaz,
839 1524 1132 1605 Christophorum
1153 1525 1307 1605 Ribeiro,
1330 1525 1502 1608 Jacobum
1524 1525 1624 1600 Diaz,

395 1645 518 1692 omnes
537 1629 763 1709 Sacerdotes,
787 1641 822 1695 et
840 1629 1016 1696 Didacum
1036 1633 1082 1696 do
1100 1629 1261 1695 Soveral.
1282 1632 1411 1696 Nescio
1430 1632 1552 1696 verbis
1571 1652 1626 1695 ex-

395 1736 549 1816 primere
568 1754 675 1817 quam
693 1737 752 1801 ille
777 1738 854 1802 dies
874 1739 920 1802 sit
939 1739 1069 1818 dignus
1088 1748 1304 1819 memoratu,
1328 1747 1412 1820 quot
1430 1740 1627 1802 celebratus

396 1843 565 1924 lacrymis
578 1842 731 1909 fratrum
745 1845 938 1924 discessuS,
962 1863 1034 1909 non
1055 1845 1149 1926 quod
1163 1846 1212 1908 illi
1226 1845 1365 1909 abirent
1380 1845 1442 1909 sed
1454 1844 1550 1927 quod
1562 1846 1626 1926 ipsi

396 1959 601 2014 manerent:
627 1950 749 2016 videre
774 1961 850 2016 erat
874 1951 1012 2016 fervida
1038 1951 1202 2032 suspiria,
1229 1952 1381 2033 denique
1406 1953 1626 2016 alacritatem

396 2056 610 2121 abeuntium.
635 2057 728 2137 Quid
746 2060 873 2138 plurai,
894 2059 1020 2139 multa,
1041 2076 1132 2139 quae
1150 2059 1208 2122 hic
1232 2059 1458 2138 contigerunt
1480 2059 1625 2140 aliisque

395 2162 432 2224 in
442 2163 540 2242 lociS,
553 2164 712 2227 nonnulli
723 2164 852 2228 fratres
861 2165 969 2228 latius
980 2175 1149 2230 enarrant
1163 2181 1226 2244 per
1238 2165 1385 2245 litteras;
1398 2165 1533 2229 idcirco
1544 2170 1625 2229 nolo

395 2287 475 2332 esse
493 2271 635 2350 longior
656 2288 724 2334 nec
742 2281 880 2353 tempus
905 2272 1037 2335 adhoc
1058 2271 1144 2335 mihi
1161 2273 1376 2336 conceditur.
1398 2271 1498 2336 Haec
1519 2273 1625 2336 latine

397 2375 524 2456 scripsi
548 2376 620 2440 stili
642 2378 831 2442 exercendi
857 2379 996 2457 gratia:
1015 2379 1083 2442 hoc
1103 2380 1198 2442 enim
1216 2388 1354 2444 tantum
1373 2380 1627 2460 grammaticos

397 2481 510 2545 decet.

455 2588 510 2652 De
525 2599 646 2654 nostro
661 2591 811 2671 collegio
822 2591 908 2654 nihil
923 2601 977 2654 est
991 2593 1084 2673 quod
1099 2593 1253 2656 scribam
1267 2601 1519 2674 praeterquam
1534 2596 1625 2675 quod

396 2711 500 2758 nemo
513 2705 565 2758 est
578 2698 638 2777 qui
651 2714 754 2777 opem
765 2696 867 2761 ferat.
880 2697 969 2761 Fere
982 2716 1104 2762 omnes
1117 2700 1293 2764 obsistunt
1304 2707 1502 2780 magnates,
1521 2718 1628 2780 penes

397 2817 486 2880 quos
499 2812 553 2866 est
567 2805 730 2883 pecunia,
748 2805 984 2867 consiliumet
999 2805 1069 2868 alia
1086 2805 1298 2885 hujusmodi.
1313 2804 1391 2869 Rex
1406 2815 1526 2870 tamen
1537 2824 1623 2870 sem-

396 2924 459 2988 per
473 2919 592 2974 manet
606 2910 642 2973 in
657 2910 782 2974 officio.
798 2910 909 2992 Atqui
924 2929 1046 2976 omnes
1066 2929 1188 2976 sumus
1208 2915 1244 2976 in'
1263 2930 1341 2993 spe,
1358 2913 1440 2976 licet
1454 2915 1627 2993 paulatim

396 3031 440 3078 ac
453 3017 561 3096 lente,
578 3034 667 3098 opus
680 3019 860 3099 procedat.
882 3017 913 3081 N
916 3037 962 3082 on
976 3019 1069 3082 enim
1085 3019 1120 3082 in
1135 3021 1276 3083 homine
1291 3019 1501 3083 confidimus
1515 3021 1579 3084 sed
1591 3022 1627 3084 in

395 3119 485 3202 Deo,
501 3123 577 3204 qui,
598 3134 637 3188 ut
655 3124 804 3205 animoS,
824 3126 876 3190 sic
894 3127 1048 3207 parietes
1073 3126 1284 3190 aedificabit.
1310 3126 1432 3207 ltaque
1458 3128 1629 3208 antiquus

395 3230 508 3294 hostis
532 3249 655 3296 omnes
684 3250 768 3296 suos
792 3244 940 3297 conatus
966 3233 1107 3297 adhibet
1136 3242 1175 3297 ut
1208 3235 1417 3314 temporalia
1442 3233 1623 3315 impediat,

395 3339 536 3419 quando
551 3340 749 3420 spiritualia
763 3341 881 3404 minus
894 3343 1005 3418 valet;
1022 3359 1136 3423 neque
1154 3340 1237 3404 dum
1257 3342 1344 3404 satis
1363 3351 1551 3405 contentus
1565 3342 1624 3405 ho·

395 3445 547 3508 minibus
562 3447 852 3526 adversantibus,
870 3448 1125 3512 monachorum
1144 3449 1252 3511 etiam
1268 3447 1405 3512 animos
1419 3449 1485 3511 sibi
1500 3448 1626 3512 adver·

394 3568 456 3614 sus
467 3569 534 3615 nos
545 3553 727 3617 concitare
738 3555 899 3634 intentat,
913 3552 975 3618 sed
988 3572 1060 3617 non
1071 3555 1207 3630 efficiet,
1224 3554 1391 3635 quoniam
1404 3555 1435 3618 si
1449 3554 1549 3618 Deus
1560 3573 1627 3634 pro

395 3658 508 3738 nobis
525 3659 604 3738 quis
619 3671 743 3723 contra
756 3677 823 3723 nos
839 3659 863 3724 ¹?

455 3763 588 3828 Vierao
612 3783 678 3829 nos
692 3784 789 3848 aquy
803 3784 869 3847 por
883 3766 1132 3847 impedimento
1148 3786 1170 3831 a
1180 3767 1250 3832 hua
1266 3767 1419 3831 cisterna
1433 3785 1503 3848 que
1517 3767 1625 3831 fazia·

394 3888 483 3950 mOS,
499 3889 566 3951 por
580 3881 680 3952 parte
695 3871 760 3936 dos
775 3872 894 3937 stades
905 3874 948 3937 de
964 3871 1075 3938 Santa
1090 3873 1182 3938 Cruz
1194 3876 1227 3953 (a
1242 3876 1325 3956 qual
1335 3891 1374 3938 se
1388 3875 1445 3938 faz
1456 3892 1501 3938 ao
1515 3876 1627 3956 longo

395 3978 443 4041 do
460 3995 560 4041 muro
575 3995 662 4059 pera
677 3979 799 4042 colher
820 3997 865 4043 en
886 3997 929 4060 sy
942 3997 964 4042 a
979 3997 1088 4060 agoa,
1104 3998 1173 4061 que
1188 3999 1256 4045 ven
1277 3982 1372 4062 polla
1391 3999 1458 4045 rua
1476 3980 1628 4062 dereita)

394 4101 464 4147 con
478 4100 571 4164 pena
586 4083 629 4148 de
643 4085 904 4162 excomunhdo;
923 4086 1121 4150 areceando
1136 4105 1177 4150 as
1190 4088 1339 4151 latrinas
1352 4105 1420 4168 que
1435 4104 1474 4149 se
1489 4088 1551 4168 aly
1565 4107 1629 4155 am

393 4189 439 4253 de
455 4190 563 4270 iazer,
585 4207 654 4270 que
670 4190 747 4253 lhes
761 4190 878 4254 larido
893 4192 951 4254 laa
965 4207 1046 4255 maa
1061 4194 1289 4273 companhia,
1306 4211 1326 4256 e
1340 4193 1393 4256 asi
1409 4202 1540 4257 aterra
1554 4213 1627 4275 que

394 4305 496 4360 estaa
510 4296 662 4372 lancada
675 4295 719 4359 de
734 4295 871 4360 lorado
883 4314 999 4377 muro,
1014 4316 1081 4378 que
1093 4301 1251 4363 correrio
1262 4317 1330 4362 con
1344 4317 1384 4362 as
1399 4301 1628 4364 enxurradas

397 4420 416 4465 e
432 4403 508 4466 lhes
524 4403 614 4466 faria
630 4402 739 4466 muito
756 4403 860 4466 dano.
878 4403 996 4467 Forao
1011 4406 1044 4467 la
1060 4423 1080 4468 o
1097 4404 1209 4470 Padre
1223 4405 1309 4470 Luis
1323 4405 1502 4484 Goncalez
1516 4425 1536 4470 e
1551 4406 1626 4472 Ma-

436 4677 444 4710 ¹
473 4675 610 4732 Hucusque
621 4677 808 4733 grammaticus
819 4679 859 4722 bie
877 4679 902 4723 in
918 4679 1051 4724 scribendo
1062 4681 1141 4724 latine
1152 4691 1178 4725 se
1189 4682 1319 4736 exercuit;
1334 4692 1400 4738 quae
1410 4687 1555 4736 sequuntur
1565 4685 1628 4728 lusi·

393 4754 457 4794 tane
467 4748 536 4793 iecit.
