3442 5538
321 479 341 540 b
806 479 862 540 An
882 481 1065 542 Lacrounn

320 625 448 690 litteris
468 633 721 706 congererent,
745 642 834 707 quas
856 633 983 706 quarto
1002 643 1141 708 quoque
1163 646 1300 708 mense,
1321 631 1469 712 scilicet,
1492 633 1549 716 Ja-

319 743 465 823 nuario,
486 741 582 823 Majo
602 751 638 805 et
659 739 874 822 Septembri,
896 741 1046 806 Romam
1068 743 1258 808 mitterent.
1279 745 1333 809 De
1351 748 1477 828 quibus
1496 750 1548 813 lit-

321 857 423 938 teris,
439 855 616 938 quomodo
633 855 872 921 conficiendae
888 866 923 920 et
938 858 1043 948 etiam
1059 859 1102 922 de
1119 859 1240 923 tutiori
1258 861 1469 943 certiorique
1489 865 1548 927 via

321 974 526 1055 quaerenda
548 973 595 1038 ad
614 991 677 1037 eas
695 972 847 1036 Romam
872 975 1178 1056 transmittendas,
1201 978 1361 1057 longam,
1387 997 1436 1042 ex
1459 995 1548 1044 com·

321 1090 490 1153 nu'sst'one
509 1088 653 1170 Ignatii,
681 1089 728 1152 ad
752 1106 876 1153 omnes
900 1089 1087 1155 Societatis
1109 1091 1236 1156 domos
1256 1094 1351 1157 misit
1375 1093 1550 1160 Polancus
1612 1079 1615 1090 ¹

321 1207 507 1287 epistolam
531 1224 594 1270 seu
613 1205 897 1270 Instructe'onem
917 1181 957 1270 27
976 1207 1058 1290 Julii
1079 1227 1173 1272 anno
1197 1209 1273 1272 1547
1292 1211 1429 1290 datam,
1450 1213 1550 1292 cujus

321 1325 439 1405 capita
462 1324 670 1405 praecipua,
699 1332 737 1387 ut
759 1324 817 1387 lex
839 1323 967 1402 forent,
994 1341 1085 1405 quae
1107 1324 1320 1390 Societatem
1345 1328 1550 1394 universam

321 1441 573 1520 obstringeret,
590 1439 627 1504 in
646 1438 950 1504 constitutionum
964 1452 1067 1522 parte
1081 1441 1179 1520 VIII,
1194 1459 1225 1505 c.
1242 1460 1268 1519 1,
1285 1443 1305 1521 ξ
1319 1443 1339 1506 9
1352 1453 1386 1508 et
1401 1445 1488 1508 decl.
1505 1445 1547 1508 N.

320 1558 454 1620 inserta
467 1565 591 1637 postea
606 1554 743 1636 abipso
759 1555 896 1634 Ignatio
916 1555 1026 1621 fuere.

380 1673 456 1736 Has
477 1672 587 1753 igitur
606 1672 758 1751 litteras,
781 1682 952 1753 quotquot
973 1673 1010 1736 in
1028 1673 1212 1737 tabulariis
1230 1683 1304 1739 tum
1323 1675 1454 1738 nostris
1476 1685 1550 1739 tum

321 1790 446 1854 alienis
465 1789 677 1871 reperimus,
700 1788 758 1852 hic
781 1789 858 1868 tibi,
882 1791 992 1853 lector
1013 1790 1199 1872 benevole,
1224 1790 1420 1870 offerimus,
1445 1800 1484 1855 ut
1507 1791 1552 1854 iis

319 1905 481 1986 Polanci,
508 1903 709 1986 Orlandini,
730 1903 990 1971 Rivadeneirae
1013 1916 1048 1970 et
1070 1906 1220 1970 aliorum
1238 1907 1405 1971 historias
1425 1907 1550 1971 confir-

319 2039 432 2103 mare,
456 2022 634 2086 elucidare
656 2030 691 2084 et
715 2021 821 2085 etiam
847 2023 1059 2103 quandoque
1080 2022 1268 2086 emendare
1289 2023 1423 2086 valeas.
1447 2021 1551 2100 (Vide

319 2138 584 2220 paragraphum
616 2137 777 2201 ultimam
811 2137 1067 2216 Praefatiom's
1106 2138 1143 2201 in
1170 2137 1337 2200 Historia
1362 2137 1550 2200 societatis

319 2255 411 2337 Jesu
426 2272 449 2317 a
463 2253 502 2317 P.
519 2252 685 2317 Pounnco
703 2253 860 2334 scripta,
880 2256 952 2317 vol.
976 2271 1002 2330 1,
1023 2270 1107 2334 pag.
1122 2252 1167 2331 8.)
1188 2253 1259 2316 Eas
1269 2251 1371 2332 J'uxta
1390 2253 1426 2318 id
1445 2253 1549 2334 quod,

320 2380 510 2452 antequam
536 2371 625 2433 haec
653 2369 881 2433 Moridunum
909 2370 1013 2433 edere
1039 2368 1291 2450 inceperimus,
1318 2369 1381 2433 tibi
1403 2369 1550 2449 polliciti

319 2505 456 2567 sumus,
478 2504 522 2550 ea
544 2487 667 2566 lingua
680 2494 716 2549 et
731 2486 1003 2567 orthographia,
1028 2503 1097 2568 qua
1117 2485 1222 2567 primi
1245 2503 1366 2550 earum
1388 2495 1551 2550 auctores

320 2603 375 2666 usi
390 2612 487 2683 sunt,
503 2601 599 2667 haud
617 2603 819 2681 immutata,
842 2603 910 2665 nisi
931 2603 990 2666 ubi
1011 2620 1111 2666 error
1131 2602 1276 2665 evidens
1295 2611 1363 2681 est,
1385 2603 1550 2666 transcri-

320 2719 454 2782 hemus.
484 2717 725 2797 Quarumdam
754 2726 874 2782 tamen
901 2718 1047 2782 latinam
1075 2719 1291 2796 versionem,
1321 2734 1428 2798 quam
1454 2718 1551 2781 nacti

321 2852 457 2914 sumus,
478 2835 556 2916 ipso
574 2833 730 2898 Polanco
750 2843 811 2899 aut
831 2835 1005 2914 dirigente
1024 2843 1086 2898 aut
1110 2834 1319 2898 emendante
1340 2833 1550 2912 confectam,

320 2950 428 3016 etiam
441 2949 680 3030 subjiciemus.

381 3066 556 3148 Tandem,
573 3067 603 3129 si
617 3064 708 3130 forte
728 3083 838 3131 imum
859 3068 1056 3131 alterumve
1070 3085 1115 3130 ex
1129 3066 1185 3130 his
1204 3066 1439 3130 monumentis
1453 3081 1551 3146 repe·

320 3187 425 3265 reriS,
443 3185 537 3266 quod
551 3183 588 3248 in
601 3185 691 3248 libro
707 3185 825 3266 aliquo
841 3185 903 3248 tibi
918 3187 1062 3265 cognito
1077 3185 1140 3248 sed
1158 3184 1260 3248 nobis
1279 3183 1400 3264 ignoto
1419 3182 1550 3248 editum

317 3300 391 3381 iam
405 3300 526 3382 suerit,
542 3318 587 3363 ne
601 3299 705 3364 uobis
718 3315 946 3378 succenseas;
967 3317 1038 3363 non
1058 3299 1151 3362 enim
1169 3315 1292 3363 omnes
1310 3297 1432 3362 videre
1449 3297 1552 3361 nobis

320 3416 418 3480 licuit
431 3416 540 3480 libros
554 3416 598 3479 de
619 3416 725 3480 rebus
744 3414 932 3480 societatis
953 3415 1083 3494 editoS,
1104 3421 1139 3477 et
1160 3414 1296 3494 gratius
1318 3412 1401 3493 quid
1421 3413 1484 3476 tibi
1503 3411 1551 3474 sa·

322 3541 442 3596 cturos
456 3532 756 3612 existimavimuS,
774 3533 804 3596 si
819 3534 856 3595 in
870 3532 938 3596 hac
957 3549 996 3595 re
1016 3530 1197 3595 abundare
1218 3529 1334 3610 potius
1352 3546 1458 3610 quarn
1472 3528 1551 3592 deii·

322 3663 403 3708 cere
418 3647 614 3710 mallemus.
