3400 5524
354 459 409 516 240
738 459 908 518 errnnae
927 475 1197 526 ounnmuesraes

356 604 497 684 quidem
512 605 765 684 praelegantur
781 604 886 668 iidem
900 604 1085 684 authoreS,
1101 621 1190 684 quos
1204 607 1328 683 etiam,
1345 614 1382 667 ut
1399 613 1482 669 ante
1498 605 1588 678 dixi,

351 729 398 775 ne
418 712 488 774 huc
508 710 732 785 invehantur,
759 711 975 790 curabimus
1002 712 1169 775 adiuncta
1185 712 1306 790 simul,
1327 720 1366 775 ut
1381 729 1583 792 speramus

354 817 424 880 lida
440 818 675 898 inquisitione.

415 923 564 1004 Quarto,
591 941 672 988 curn
697 925 733 987 in
755 925 904 1006 collegio
934 925 1073 1007 publico
1098 926 1336 990 studiosorum
1364 944 1437 989 non
1465 935 1588 988 essent

355 1031 604 1112 ieiunationeS,
630 1050 720 1112 quas
746 1033 956 1113 praescribit
978 1030 1045 1098 85⁸
1075 1042 1188 1096 mater
1206 1033 1385 1111 Ecclesia;
1409 1042 1444 1095 et
1464 1041 1587 1113 aperte

353 1153 557 1220 magnoque
572 1155 652 1202 cum
671 1138 840 1203 scandalo
861 1141 1091 1218 violarentur,
1113 1157 1156 1202 eo
1175 1157 1251 1203 rem
1269 1139 1370 1202 brevi
1393 1139 1588 1202 adductum

354 1247 400 1308 iri
426 1263 628 1326 speramus,
655 1255 693 1309 ut
719 1246 809 1311 sicut
830 1246 1005 1327 quaedam
1027 1246 1064 1309 in
1088 1246 1157 1308 hac
1176 1255 1278 1326 parte
1303 1247 1374 1308 iam
1400 1245 1589 1308 immutata

354 1360 454 1431 sunt,
472 1352 522 1415 ita
536 1352 652 1432 magis
666 1353 851 1432 magisque
873 1352 909 1416 in
929 1353 1005 1415 dies
1025 1351 1082 1415 hic
1105 1351 1317 1416 reformetur
1337 1352 1481 1432 abusuS,
1505 1351 1589 1432 quia

356 1468 451 1522 totus
466 1468 519 1522 est
533 1468 654 1522 noster
669 1458 763 1522 illius
777 1476 923 1539 praeses
938 1458 1099 1539 Collegii.

418 1565 485 1644 Qui
505 1565 746 1628 confessiones
767 1566 1020 1646 poenitentium
1039 1566 1186 1630 audiunt
1207 1565 1267 1644 (de
1282 1565 1439 1628 omnium
1453 1564 1591 1645 praeci·

352 1672 433 1752 puis
448 1673 595 1752 loquor),
611 1690 706 1736 nunc
722 1671 870 1736 consilio
883 1682 1018 1750 nostro,
1035 1682 1069 1736 et
1081 1690 1189 1753 opera
1204 1672 1246 1735 R.
1265 1671 1302 1734 P.
1317 1671 1466 1750 Claudii,
1480 1671 1590 1735 facul·

355 1787 465 1842 tatem
480 1780 728 1859 impetrarunt,
748 1796 818 1859 qua
832 1780 1130 1859 periculosissime
1145 1779 1303 1842 destituti
1316 1777 1458 1842 fuerunt
1469 1779 1590 1841 hacte-

353 1903 432 1966 nus,
450 1887 486 1950 in
502 1903 589 1950 casu
603 1887 659 1966 (ut
675 1887 823 1965 vocant)
848 1885 1006 1950 haeresis
1022 1887 1270 1950 absolvendae.
1291 1885 1503 1964 Complures
1524 1885 1587 1948 Ec·

355 1993 543 2057 clesiastici
570 1993 733 2064 homines
758 1992 847 2056 nihil
871 1994 1065 2057 recitarunt
1093 1993 1136 2056 de
1160 1993 1258 2056 horis
1283 1991 1485 2056 Canonicis
1516 1991 1589 2054 Eos

355 2117 504 2180 pensum
519 2100 587 2163 hoc
606 2101 791 2163 nobiscum
812 2100 1016 2180 persolvere
1035 2100 1252 2178 curavimuS,
1270 2109 1308 2162 ut
1326 2098 1502 2162 recitandi
1516 2115 1589 2161 mo-

354 2225 436 2271 rem
451 2206 685 2286 addiscerent,
703 2214 737 2270 et
751 2207 834 2286 quia
846 2206 1020 2270 Breviarii
1033 2207 1118 2270 novi
1131 2206 1283 2270 Romani
1300 2205 1310 2238 ¹
1324 2223 1410 2270 usus
1432 2205 1589 2269 maxime

358 2313 535 2394 placebat,
548 2313 817 2392 impetravimus
828 2313 908 2393 illis,
921 2314 1014 2393 quod
1025 2314 1203 2394 petebant,
1219 2331 1240 2376 a
1251 2312 1337 2375 R.¹¹¹⁰
1348 2313 1487 2392 Legato
1498 2312 1588 2377 Pon-

357 2419 473 2482 tificis.
490 2419 611 2499 ltaque
625 2428 779 2499 pergunt
795 2419 950 2500 quotidie
965 2419 1001 2483 in
1015 2420 1208 2482 recitandis
1222 2419 1320 2482 horis
1335 2419 1531 2498 canonicis
1555 2426 1590 2481 et

361 2527 512 2589 vestitus
525 2527 633 2589 etiam
647 2527 870 2590 honestatem
885 2525 1084 2590 ostendunt.

418 2633 599 2697 Exercitia
613 2625 759 2713 primae,
774 2643 813 2697 ut
827 2650 1009 2713 vocamus,
1022 2633 1275 2714 hebdomadae,
1289 2634 1338 2697 illi
1349 2633 1588 2697 communica·

359 2740 474 2803 vimus
489 2755 534 2802 ex
549 2747 666 2818 parte,
683 2741 743 2819 qui
758 2741 911 2820 primum
924 2740 962 2803 in
975 2740 1044 2803 hac
1059 2740 1255 2804 Academia
1268 2741 1386 2803 locum
1400 2749 1523 2803 tenere
1538 2740 1587 2801 vi·

356 2847 470 2926 detur,
488 2847 546 2925 (et)
562 2847 800 2910 universalem
814 2847 910 2910 vitae
925 2846 1033 2910 totius
1047 2846 1197 2910 instituit
1217 2846 1476 2910 confessionem
1491 2847 1503 2877 ¹
1518 2864 1588 2910 non

357 2955 433 3017 sine
449 2970 579 3033 magno
595 2954 704 3016 animi
720 2953 774 3016 sui
789 2971 949 3017 moerore
965 2971 1008 3017 ac
1022 2953 1120 3033 lietu,
1137 2954 1354 3035 consilioque
1371 2963 1407 3017 et
1420 2953 1589 3034 magiste-

356 3062 411 3124 rio
425 3069 546 3124 nostro
562 3077 657 3138 usus,
674 3061 711 3122 in
731 3061 861 3140 templo
886 3069 1008 3124 nostro
1023 3060 1216 3124 celebravit
1231 3061 1418 3142 primitias,
1433 3069 1587 3124 contem·

357 3175 417 3249 pta
433 3168 528 3230 omni
546 3184 687 3247 pompa.

418 3274 549 3337 Multae
576 3273 643 3337 fuit
671 3274 907 3338 aedificationi
935 3275 1095 3354 plurimis
1128 3275 1221 3356 quod
1249 3275 1587 3339 communicantium

359 3381 606 3445 Eucharistiae
631 3381 772 3443 adesset
796 3391 881 3444 tunc
906 3381 1119 3461 frequentia,
1146 3383 1261 3461 qualis
1285 3384 1329 3445 ab
1354 3381 1455 3445 initio
1482 3381 1587 3446 huius

357 3488 573 3552 Academiae
588 3488 709 3551 nescio
724 3488 755 3550 si
769 3497 961 3568 conspecta
975 3505 1017 3550 eo
1032 3490 1113 3552 loco
1128 3488 1244 3554 fuerit.
1263 3488 1378 3554 Valde
1390 3491 1493 3553 nobis
1507 3507 1586 3570 pro·

358 3595 515 3659 futurum
541 3597 577 3658 in
600 3594 754 3658 Domino
777 3595 917 3658 videtur
941 3593 1034 3658 illius
1053 3595 1122 3658 viri
1141 3613 1298 3660 amorem
1316 3605 1351 3660 et
1375 3598 1586 3660 benevolen-

358 3702 445 3764 tiam
459 3702 598 3782 penitus
614 3701 838 3780 conciliasse,
860 3718 941 3765 cum
959 3702 1063 3765 huius
1083 3703 1279 3766 authoritas
1299 3702 1393 3784 apud
1410 3721 1535 3767 omnes
1550 3705 1586 3767 in

357 3808 471 3887 pretio
486 3808 669 3872 habeatur.

419 3913 532 3977 Hodie
545 3915 648 3977 nobis
662 3915 820 3978 iniuncta
838 3924 892 3978 est
910 3916 1112 3996 provincia,
1134 3917 1193 3980 ubi
1212 3915 1434 3998 professores
1457 3935 1585 3982 conve-

357 4021 503 4100 nissent,
519 4030 558 4083 ut
570 4038 636 4101 pro
650 4021 823 4100 religione
836 4022 1140 4086 conscriberemus
1151 4023 1266 4087 edicta
1278 4023 1463 4105 quaedam,
1477 4028 1585 4106 paulo

358 4137 437 4207 post
452 4128 612 4190 omnibus
633 4128 800 4192 studiosis
821 4129 1064 4209 proponenda.
1087 4129 1193 4193 Faxit
1213 4129 1388 4195 Dominus
1409 4130 1530 4213 Jesus,
1548 4142 1586 4196 ut

363 4265 601 4276 ...---—-—-.

398 4331 408 4364 ¹
436 4330 474 4375 De
490 4332 538 4375 hoc
555 4331 690 4376 Brevlarlo
708 4331 822 4377 Romano
839 4342 905 4376 novo
921 4335 1023 4378 consule
1043 4333 1138 4379 cartas
1154 4334 1187 4379 dc
1204 4333 1259 4378 San
1274 4333 1392 4389 imario,
1409 4343 1428 4380 t.
1447 4347 1482 4391 iv,
1501 4337 1551 4392 Ap.
1562 4338 1585 4390 2,

413 4433 419 4446 .
428 4403 475 4446 498.

358 4413 411 4508 12⁸}
439 4472 584 4529 Scripserat
601 4475 642 4518 hle
661 4474 786 4519 Canlslus:
805 4475 944 4532 consessus
959 4479 1000 4520 est
1016 4479 1181 4530 generatim
1196 4478 1242 4522 sed
1259 4478 1346 4523 verbis
1362 4478 1404 4522 his
1420 4479 1490 4523 llnea
1505 4479 1585 4523 ducta

357 4543 512 4598 obliteratls,
523 4543 646 4590 consueto
655 4546 728 4598 signo
740 4547 856 4600 apposito
866 4545 992 4590 indicavit
1006 4547 1133 4592 Polancus
1143 4559 1232 4592 eornm
1244 4549 1302 4592 loco
1315 4546 1452 4594 inscrenda
1463 4560 1519 4592 esse
1530 4549 1583 4592 illa:

359 4615 542 4659 universalem
553 4617 626 4659 vitae
637 4617 720 4658 totius
730 4617 850 4660 instituit
860 4617 1068 4674 consessionem,
1079 4630 1143 4674 quae
1159 4629 1236 4664 manu
1250 4620 1356 4676 propria
1367 4621 1419 4674 ipsc
1432 4620 1456 4663 in
1467 4621 1584 4674 margine

357 4685 495 4730 scribebat.
