3378 5530
374 549 427 606 aaa
755 547 926 608 Ltrranau
946 565 1217 615 ouauatuestuss

374 710 417 755 ac
431 711 495 773 per
510 693 635 756 horam
650 710 730 756 cum
752 692 897 756 dimidia
917 694 1091 756 allocutus
1110 705 1163 757 est
1184 695 1221 758 P.
1243 695 1442 774 Baptistam
1468 705 1543 758 tam
1563 697 1607 758 de

372 799 439 876 his,
458 800 599 880 quaein
618 801 786 863 universa
806 799 997 878 Societate,
1015 800 1179 881 quamde
1196 801 1261 880 his,
1279 819 1369 882 quac
1384 803 1430 865 ad
1451 803 1605 866 salutem

373 916 407 969 et
421 906 702 970 aedificationem
717 908 857 970 animae
872 924 957 970 suae
972 906 1118 971 iaciunt.
1144 907 1274 972 Omnes
1296 909 1464 988 epistolas
1488 908 1603 972 Socie-

374 1014 457 1077 tatis
471 1024 630 1092 nostrae,
647 1029 737 1093 quae
752 1013 797 1075 ad
812 1031 877 1076 nos
892 1013 1112 1091 deseruntur,
1126 1015 1260 1094 primus
1274 1015 1362 1095 petit
1376 1027 1409 1078 et
1425 1017 1604 1095 benignis·

373 1121 460 1184 sime
476 1121 607 1201 excipit
619 1119 785 1201 jubetque
799 1139 862 1201 per
877 1123 1094 1185 sacellanum
1108 1139 1211 1185 suum
1230 1122 1266 1185 in
1285 1125 1452 1186 volumen
1475 1124 1605 1203 redigi,

372 1228 466 1307 quod
481 1227 533 1305 (ni
547 1226 666 1304 fallor)
682 1228 841 1290 excrevit
855 1227 892 1290 in
907 1227 1186 1307 magnitudinem
1204 1229 1435 1308 epistolarum
1454 1229 1603 1294 familia-

373 1334 465 1397 rium
479 1333 673 1398 Ciceronis

432 1441 592 1505 Clericus
615 1441 800 1522 cujusdam
825 1442 1041 1521 Consiliarii,
1064 1443 1120 1506 cui
1139 1443 1320 1521 negotium
1340 1443 1525 1523 privilegii
1546 1463 1602 1505 no-

373 1548 437 1610 stri
461 1549 689 1612 commissum
708 1547 839 1625 fuerat,
860 1549 919 1612 ubi
937 1550 1087 1630 perlegit
1107 1550 1308 1614 institutum
1326 1549 1518 1614 Societatis
1545 1569 1603 1613 no·

372 1665 478 1732 strae,
497 1656 586 1719 adeo
607 1673 674 1718 nos
695 1657 797 1718 unice
818 1656 951 1734 dilexit,
969 1665 1008 1718 ut
1030 1656 1172 1720 omnino
1190 1657 1314 1737 spiritu
1335 1656 1526 1721 Societatis
1545 1677 1605 1720 no-

372 1771 467 1825 strae
482 1762 563 1826 duci
578 1761 753 1825 videatur.
770 1763 803 1826 Is
816 1763 917 1826 brevi
937 1763 1107 1828 exercitia
1123 1764 1363 1844 aggredietur,
1386 1764 1445 1826 ubi
1464 1764 1606 1845 quidde

372 1868 458 1949 ipsis
472 1867 554 1946 (sic)
570 1869 743 1933 Dominus
759 1870 923 1950 disponat
938 1870 1144 1933 videbimus.

431 1975 572 2039 Addam
583 1986 617 2038 et
628 1976 724 2055 illud,
738 1977 843 2057 quod,
856 1977 1013 2040 nondum
1024 1977 1138 2041 factus
1149 1975 1336 2041 Societatis
1347 1987 1494 2041 nostrae
1510 1991 1603 2040 cate-

372 2083 576 2162 chumenus,
594 2083 799 2146 consocium
814 2084 1001 2164 quemdam
1015 2099 1129 2163 suum,
1139 2082 1307 2164 juvenem
1318 2084 1460 2164 quidem
1472 2085 1604 2147 bonum

371 2200 405 2252 et
420 2189 629 2266 modestum,
648 2191 683 2252 in
698 2189 975 2254 familiaritatem
987 2200 1147 2254 nostram
1157 2191 1316 2255 traduxit
1328 2210 1335 2254 :
1349 2189 1494 2271 jamque
1509 2209 1531 2252 a
1548 2193 1603 2252 tri·

370 2298 436 2360 bus
450 2297 630 2360 mensibus
644 2313 775 2377 magno
791 2313 871 2361 cum
887 2298 1013 2378 spiritu
1032 2306 1066 2361 et
1088 2298 1293 2377 devotione,
1310 2297 1460 2376 singulis
1480 2296 1607 2360 diebus

372 2404 485 2482 festis,
501 2422 565 2484 per
580 2403 814 2468 ministerium
828 2403 988 2484 Panum,
1007 2405 1066 2484 qui
1081 2405 1138 2468 bic
1154 2414 1251 2484 sunt,
1273 2413 1501 2468 sacramenta
1524 2422 1604 2468 conr

371 2510 534 2573 fessionis
558 2521 593 2575 et
617 2511 853 2574 eucharistiae
872 2511 1013 2590 recipit,
1035 2528 1139 2592 quem
1159 2519 1194 2574 et
1218 2523 1403 2592 speramus
1432 2512 1606 2574 exercitia

372 2632 637 2696 aggressurum.

432 2723 584 2802 Quidam
607 2725 696 2788 alius
713 2725 854 2805 juvenis
873 2725 1041 2788 exercitia
1061 2723 1144 2787 iecit
1164 2724 1286 2788 dicens
1300 2743 1339 2786 se
1358 2724 1450 2787 velle
1465 2725 1511 2787 de
1527 2741 1604 2802 pro·

370 2845 496 2908 gressu
520 2831 616 2894 vitae
642 2848 727 2894 suae
753 2832 939 2911 disponere
961 2830 1063 2910 iuxta
1089 2831 1274 2894 consilium
1297 2831 1465 2908 Patrum,
1493 2849 1606 2910 eoque

370 2953 583 3016 progressus
607 2945 660 3000 est
685 2937 721 3001 in
747 2937 941 3014 exercitiis
959 2945 998 3000 ut
1010 2936 1182 3000 fateretur
1203 2955 1241 3000 se
1263 2955 1284 2999 a
1305 2937 1448 3000 Christo
1469 2938 1516 3000 ab
1537 2938 1605 3000 hoc

370 3044 512 3106 saeculo
528 3044 684 3106 avocari.
702 3043 837 3106 Verum
860 3044 943 3107 dum
961 3043 1077 3107 differt
1097 3043 1428 3106 determinationem
1450 3041 1605 3123 Spiritus

370 3148 491 3213 Sancti
510 3160 544 3213 et
562 3152 639 3213 vult
659 3151 728 3213 alia
749 3149 934 3214 hominum
953 3150 1101 3213 consilia
1122 3167 1308 3230 quaerere,
1336 3167 1419 3213 ecce
1446 3151 1606 3214 decernit

369 3257 518 3337 sepelire
532 3265 693 3321 mortuos
708 3274 801 3320 suos
822 3255 901 3320 Hoc
921 3257 1037 3319 scribo
1056 3265 1094 3319 ut
1114 3255 1253 3320 discant
1272 3255 1332 3319 alii
1353 3259 1519 3337 exemplo
1541 3275 1606 3320 suo

368 3364 484 3443 magis
508 3363 723 3428 credendum
743 3364 944 3427 testimonio
965 3363 1098 3427 Christi
1116 3371 1151 3425 et
1170 3362 1409 3426 conscientiae
1436 3365 1605 3444 propriae

369 3471 549 3533 incitantis
562 3487 629 3534 nos
644 3471 689 3533 ad
708 3471 855 3548 bonum,
872 3485 978 3550 quam
992 3469 1174 3533 hominum
1194 3469 1411 3548 perditorum
1429 3471 1602 3548 consiliis,

369 3577 429 3657 qui
443 3587 585 3640 terrena
599 3577 752 3657 sapiunt.
768 3576 825 3639 Ab
840 3577 917 3656 ipso
933 3576 1228 3656 exspectabamus
1242 3591 1411 3654 magnum
1432 3575 1603 3652 fructum,

369 3684 399 3746 si
410 3701 567 3764 unquam
581 3684 625 3747 ab
640 3685 758 3765 aliquo
774 3685 859 3763 alio;
876 3700 1001 3747 verum
1016 3681 1168 3746 Satanas
1179 3682 1373 3762 impedivit.

429 3790 581 3870 Quidam
592 3791 791 3870 religiosus
806 3791 888 3854 olim
902 3789 1024 3854 Sancti
1036 3788 1223 3868 Dornlnici,
1237 3806 1331 3852 nunc
1348 3789 1496 3854 alterius
1511 3791 1605 3855 ordi·

368 3897 440 3977 nis,
467 3896 614 3977 perfecit
638 3898 824 3974 exercitia,
845 3915 917 3960 non
941 3898 1018 3959 sine
1037 3913 1168 3976 magno
1190 3895 1307 3959 fructu
1333 3906 1368 3960 et
1393 3896 1491 3960 vitae
1516 3915 1605 3960 suae

369 4003 634 4084 emendatione,
655 4014 870 4084 paratusque
896 4013 950 4066 est
969 4003 1086 4067 redire
1106 4001 1151 4065 ad
1170 4001 1323 4082 primum
1340 4019 1446 4066 suum
1466 4003 1605 4066 institu-

368 4121 452 4188 tum,
471 4129 492 4172 a
508 4129 577 4192 quo
590 4129 655 4192 per
669 4109 968 4191 dispensationem
979 4126 1018 4172 se
1029 4109 1266 4186 subtraxerat,
1282 4108 1389 4172 modo
1399 4107 1510 4189 recipi
1524 4127 1605 4190 pos·

367 4218 423 4296 sit,
437 4220 496 4282 vel
506 4218 750 4297 ingressurum
758 4216 994 4296 Carthusiam,
1008 4218 1065 4279 vel
1076 4232 1282 4278 mansurum
1290 4215 1326 4278 in
1335 4233 1400 4278 sua
1413 4216 1602 4296 religione,

366 4325 541 4404 promisit.
557 4324 717 4387 Tandem
730 4323 872 4403 rogavit
886 4341 953 4386 nos
967 4323 1095 4386 obnixe
1106 4323 1143 4386 in
1157 4321 1312 4386 Domino
1327 4330 1366 4386 ut
1387 4321 1514 4386 Patres
1532 4324 1604 4386 dis·

368 4436 539 4509 ponerent
554 4431 597 4493 de
611 4432 688 4511 ipso
704 4430 897 4493 secundum
916 4429 1176 4510 beneplacitum
1191 4445 1325 4492 eorum.

428 4536 605 4616 Receptus
616 4545 669 4600 est
680 4538 717 4600 in
728 4535 942 4600 Societatem
952 4545 1112 4600 nostram
1124 4535 1295 4615 Magister
1307 4535 1487 4602 Oliverius
1498 4535 1603 4601 Flan-

368 4645 429 4707 der
447 4642 467 4723 ¹,
485 4643 527 4706 de
547 4661 616 4724 quo
637 4644 726 4707 alias
747 4644 793 4707 ad
812 4660 877 4706 vos
897 4643 1039 4723 scripsit
1060 4643 1098 4707 P.
1120 4642 1291 4723 Baptista.
1318 4643 1352 4706 Is
1375 4661 1440 4724 per
1466 4662 1603 4708 annum

408 4779 416 4810 ¹
445 4777 472 4821 P.
484 4776 614 4822 oliverius
625 4775 769 4822 Manereus.
