3400 5532
343 474 397 533 ῃ]
726 473 899 533 Lirranas
917 491 1187 542 ouanarassraas

343 619 427 684 dam
441 619 620 698 meretrix,
641 637 687 682 ex
704 628 779 683 toto
799 619 905 684 corde
927 620 974 684 ad
988 619 1168 684 Christum
1193 637 1368 684 conversa
1388 630 1457 700 est,
1479 638 1576 702 quae

344 727 463 791 multis
481 743 563 791 cum
576 725 769 807 lachrymis
787 736 912 808 postea
931 728 977 791 ad
996 744 1079 806 nos,
1100 727 1290 791 confitendi
1307 727 1442 807 gratia,
1464 745 1574 809 saepe

344 833 446 898 redit.

404 939 596 1022 Cuiusdam
610 940 724 1003 bonae
738 949 920 1005 matronae
935 941 1043 1017 filiuS,
1061 941 1120 1022 qui
1132 939 1206 1021 jam
1224 958 1287 1022 per
1307 959 1420 1006 annos
1437 943 1574 1024 aliquot

343 1064 410 1111 usu
425 1047 573 1111 rationis
587 1047 749 1127 privatus
761 1046 894 1128 fuerat,
913 1065 976 1128 per
994 1046 1063 1111 Dei
1082 1048 1237 1128 gratiam
1253 1050 1396 1112 omnino
1412 1049 1458 1111 ad
1479 1051 1574 1113 sani·

344 1162 452 1218 tatem
473 1163 527 1217 est
545 1153 745 1232 restitutus,
767 1162 900 1218 etcum
919 1154 998 1220 aliis
1022 1155 1189 1218 studiosis
1210 1154 1256 1218 ad
1277 1153 1518 1220 confitendum
1537 1167 1574 1220 et

344 1260 674 1325 communicandum
688 1261 836 1340 singulis
848 1258 1077 1325 hebdomadis
1091 1276 1130 1324 se
1145 1261 1272 1325 devote
1288 1270 1494 1342 praeparat.

404 1367 554 1448 Quidam
569 1368 718 1431 studiosi
732 1368 777 1431 ad
791 1368 972 1447 religionis
987 1369 1186 1448 ingressum
1201 1369 1334 1432 inducti
1346 1379 1439 1440 sunt,
1452 1371 1513 1450 qui
1526 1371 1572 1433 ad

344 1473 606 1539 carthusienses
620 1491 659 1537 se
671 1475 905 1539 contulerunt.

403 1581 652 1646 Confitentium
667 1598 834 1646 numerus
848 1581 1003 1662 quotidie
1017 1593 1185 1662 augetur,
1204 1591 1271 1646 etc.

402 1687 480 1752 Hac
506 1697 602 1751 certe
630 1687 903 1768 quadragesima
925 1701 1056 1767 magna
1081 1687 1147 1752 fuit
1170 1689 1411 1754 studiosorum
1435 1689 1483 1752 ad
1510 1707 1572 1752 no·

343 1802 437 1858 stras
456 1795 562 1858 aedes
580 1793 787 1874 frequentia,
809 1793 998 1858 confitendi
1018 1812 1062 1858 ac
1087 1795 1311 1872 consulendi,
1328 1796 1386 1858 vel
1405 1796 1490 1859 boni
1510 1798 1575 1859 ali·

342 1901 428 1981 quid
442 1901 606 1964 audiendi
620 1901 753 1980 gratia;
770 1918 836 1964 nec
850 1918 963 1981 parvo
978 1917 1060 1964 cum
1077 1901 1196 1965 fructu
1216 1902 1268 1964 eis
1288 1900 1421 1982 aliquid
1436 1911 1573 1982 tempo·
1597 1933 1604 1944 ·

342 2008 392 2072 ris
416 2015 470 2071 est
493 2007 702 2087 impensum.
727 2005 839 2088 Spero
864 2007 992 2071 multas
1016 2007 1154 2071 animas
1175 2007 1317 2072 Christo
1338 2016 1573 2088 recuperatas

342 2131 421 2176 esse
436 2131 499 2195 per
513 2114 624 2193 ipsius
642 2114 808 2194 gratiam.
827 2113 923 2178 Inter
945 2115 1036 2178 alios
1059 2114 1202 2194 quidam
1221 2114 1378 2194 suerunt,
1400 2115 1459 2195 qui
1475 2124 1573 2179 totos

341 2221 470 2310 viginti
483 2223 542 2285 vel
555 2221 701 2300 triginta
716 2238 829 2285 annos
842 2222 888 2286 ad
902 2221 1140 2285 confitendum
1159 2239 1231 2284 non
1251 2231 1493 2301 accesserant,
1509 2224 1571 2302 qui

342 2335 462 2391 tamen
475 2327 586 2391 vitam
601 2328 744 2390 omnino
758 2329 937 2408 corrigere
951 2340 1221 2408 proposuerunt.

402 2433 559 2512 Singulis
573 2433 758 2498 dominicis
771 2433 894 2497 diebus
908 2434 998 2497 duas
1008 2434 1274 2499 exhortationes
1286 2434 1405 2515 habui,
1418 2444 1453 2499 et
1467 2445 1574 2499 sexta

343 2539 432 2603 feria
451 2549 596 2604 sanctae
614 2539 857 2604 hebdomadae
876 2557 939 2620 per
964 2549 1114 2621 quatuor
1134 2541 1243 2604 horas
1269 2542 1401 2623 aliquid
1421 2543 1465 2604 de
1486 2539 1573 2604 Pas·

343 2649 443 2710 sione
457 2645 587 2710 Christi
603 2647 676 2711 dixi
690 2664 770 2710 cum
785 2663 914 2726 magna
929 2646 1111 2712 hominum
1126 2648 1388 2713 satisfactione:
1408 2651 1575 2729 sequenti

344 2753 400 2816 die
424 2762 459 2817 et
485 2763 589 2818 nocte
617 2753 849 2818 solemnitatis
873 2755 1056 2819 Paschalis
1081 2754 1362 2822 confessionibus
1387 2755 1573 2818 audiendis

341 2861 484 2926 vacavi.

401 2967 522 3033 Mense
536 2969 685 3050 Aprilis,
709 2969 870 3050 corporis
881 2969 1060 3034 debilitate
1078 2969 1278 3050 impeditus,
1294 2970 1427 3034 nullam
1442 2969 1573 3033 exhor·

342 3075 513 3140 tationem
526 3076 563 3139 in
580 3077 720 3157 publico
738 3077 870 3142 habere
892 3077 1007 3158 potui:
1029 3077 1125 3140 domi
1145 3085 1263 3140 tamen
1285 3085 1429 3140 nostrae
1449 3078 1572 3140 multis

341 3181 622 3247 confessionibus
640 3184 824 3248 audiendis
844 3193 878 3248 et
897 3184 1108 3266 quibusdam
1126 3183 1352 3264 generalibus
1373 3193 1571 3264 occupatus

340 3289 404 3365 fui,
422 3289 556 3354 etmihi
575 3291 725 3354 multum
745 3291 860 3354 solatii
884 3290 980 3354 dedit
992 3289 1089 3354 vitae
1108 3291 1200 3353 male
1218 3291 1318 3371 prius
1339 3299 1441 3354 actae
1456 3290 1493 3354 in
1507 3290 1569 3353 bo·

339 3411 422 3460 nam
434 3397 599 3475 mutatio,
616 3413 722 3477 quam
736 3397 773 3460 in
787 3396 996 3478 quibusdam
1010 3407 1178 3477 expertus
1192 3413 1282 3460 sum.

397 3500 512 3582 Saepe
525 3503 571 3566 ad
585 3503 742 3567 infirmos
756 3518 868 3568 vocor
880 3512 915 3566 et
928 3521 990 3567 eos
1004 3504 1064 3584 qui
1076 3503 1211 3567 obsessi
1222 3513 1391 3584 putantur
1403 3521 1411 3565 :
1423 3505 1570 3585 quando

339 3609 425 3687 ipsis
439 3609 583 3689 adsum,
600 3609 666 3673 Dei
681 3609 815 3690 gratia,
831 3610 956 3674 melius
970 3609 1112 3674 habent.

397 3713 578 3780 Habemus
590 3716 730 3796 quidem
740 3716 977 3796 adversarios
991 3717 1053 3780 sed
1065 3717 1184 3798 plures
1196 3727 1493 3797 propugnatores,
1507 3719 1566 3798 qui

338 3819 597 3889 detrahentium
611 3839 674 3887 ora
688 3824 823 3888 faciant
836 3825 1090 3888 obmutescere.

398 3927 557 3992 Misimus
578 3927 728 3994 Romam
748 3931 813 3994 13.Ι
836 3931 955 3995 martii
982 3930 1230 3995 charissimum
1254 3931 1401 3994 fratrem
1426 3929 1564 3994 Baldui·

336 4047 420 4096 num
437 4029 445 4062 ¹
460 4047 541 4096 cum
554 4034 668 4098 tribus
682 4034 760 4098 aliis
774 4035 955 4114 studiosiS,
971 4035 1033 4116 qui
1046 4033 1149 4098 donis
1163 4034 1231 4098 Dei
1245 4052 1316 4098 non
1337 4043 1568 4100 contemnen-

337 4137 391 4202 dis
406 4147 488 4204 sunt
502 4139 627 4204 dotati.

395 4243 468 4310 Sub
486 4244 640 4327 Augusti
663 4247 767 4312 linem
784 4259 857 4314 tres
877 4251 935 4313 vel
955 4259 1106 4331 quatuor
1128 4259 1189 4313 aut
1217 4249 1307 4312 forte
1335 4250 1470 4330 plureS,
1499 4249 1558 4330 qui

335 4351 486 4431 praediti
499 4353 606 4420 etiam
620 4364 702 4418 sunt
715 4357 936 4420 naturalibus
954 4356 1022 4420 Dei
1040 4355 1144 4420 donis
1156 4373 1228 4420 non
1242 4355 1501 4435 mediocribuS,
1520 4356 1565 4418 ad

378 4557 385 4588 ¹
414 4555 547 4600 Bandouin
566 4556 679 4612 Delange
696 4559 740 4612 (ab
757 4559 875 4614 angelo),
890 4565 921 4604 ne
940 4564 956 4604 h
972 4560 1051 4616 Liege
1068 4573 1100 4606 en
1120 4562 1181 4615 lass,
1200 4561 1283 4605 admls
1300 4564 1315 4604 a
1331 4560 1451 4606 Louvain
1462 4572 1493 4605 en
1506 4561 1565 4612 1551,

334 4635 401 4671 mort
412 4626 515 4682 aulege
526 4639 557 4672 en
569 4628 627 4680 1601,
639 4629 656 4672 lt
667 4629 704 4674 fut
714 4638 815 4674 recteur
826 4631 1019 4688 assint-omer,
1032 4632 1175 4678 hLouvaln
1186 4667 1191 4686 ,
1205 4632 1323 4687 ablega,
1340 4639 1366 4677 et
1377 4633 1521 4688 provincial
1532 4633 1562 4675 de

336 4699 458 4754 lielglque
470 4700 500 4742 de
514 4700 562 4742 1571
575 4700 837 4754 mathematica,
852 4704 868 4746 l.
880 4716 903 4748 c.
