<?xml version="1.0" encoding="UTF-8"?>
<!DOCTYPE html PUBLIC "-//W3C//DTD XHTML 1.0 Transitional//EN"
    "http://www.w3.org/TR/xhtml1/DTD/xhtml1-transitional.dtd">
<html xmlns="http://www.w3.org/1999/xhtml" xml:lang="en" lang="en">
 <head>
  <title>
</title>
<meta http-equiv="Content-Type" content="text/html;charset=utf-8" />
  <meta name='ocr-system' content='tesseract 3.04.00' />
  <meta name='ocr-capabilities' content='ocr_page ocr_carea ocr_par ocr_line ocrx_word'/>
</head>
<body>
  <div class='ocr_page' id='page_1' title='image "./litteraequadrim01jesugoog_0300.png"; bbox 0 0 3400 5532; ppageno 0'>
   <div class='ocr_carea' id='block_1_1' title="bbox 715 505 1176 572">
    <p class='ocr_par' dir='ltr' id='par_1_1' title="bbox 715 505 1176 572">
     <span class='ocr_line' id='line_1_1' title="bbox 715 505 1176 572; baseline -0.004 -8"><span class='ocrx_word' id='word_1_1' title='bbox 715 505 886 565; x_wconf 70' lang='lat' dir='ltr'>Liuianae.</span> <span class='ocrx_word' id='word_1_2' title='bbox 905 519 1176 572; x_wconf 71' lang='lat' dir='ltr'>Quanamnsrnss</span> 
     </span>
    </p>
   </div>
   <div class='ocr_carea' id='block_1_2' title="bbox 838 1183 1056 1269">
    <p class='ocr_par' dir='ltr' id='par_1_2' title="bbox 838 1183 1056 1269">
     <span class='ocr_line' id='line_1_2' title="bbox 838 1183 1056 1269; baseline 0.014 -3"><span class='ocrx_word' id='word_1_3' title='bbox 838 1183 1056 1269; x_wconf 82' lang='lat' dir='ltr'>LXXXII</span> 
     </span>
    </p>
   </div>
   <div class='ocr_carea' id='block_1_3' title="bbox 386 1525 860 1797">
    <p class='ocr_par' dir='ltr' id='par_1_3' title="bbox 386 1525 860 1797">
     <span class='ocr_line' id='line_1_3' title="bbox 386 1525 858 1601; baseline 0.004 -17"><span class='ocrx_word' id='word_1_4' title='bbox 386 1527 423 1584; x_wconf 89' lang='lat' dir='ltr'>P.</span> <span class='ocrx_word' id='word_1_5' title='bbox 436 1527 582 1601; x_wconf 89' lang='lat' dir='ltr'>Joannes</span> <span class='ocrx_word' id='word_1_6' title='bbox 595 1525 746 1601; x_wconf 81' lang='lat' dir='ltr'><strong>Baptista</strong></span> <span class='ocrx_word' id='word_1_7' title='bbox 763 1526 858 1586; x_wconf 89' lang='lat' dir='ltr'>Viola</span> 
     </span>
     <span class='ocr_line' id='line_1_4' title="bbox 421 1623 860 1700; baseline -0.002 -16"><span class='ocrx_word' id='word_1_8' title='bbox 421 1623 514 1684; x_wconf 87' lang='lat' dir='ltr'>Patri</span> <span class='ocrx_word' id='word_1_9' title='bbox 526 1625 654 1700; x_wconf 87' lang='lat' dir='ltr'>Ignatio</span> <span class='ocrx_word' id='word_1_10' title='bbox 668 1623 709 1684; x_wconf 91' lang='lat' dir='ltr'>de</span> <span class='ocrx_word' id='word_1_11' title='bbox 722 1623 860 1698; x_wconf 84' lang='lat' dir='ltr'>Loyola.</span> 
     </span>
     <span class='ocr_line' id='line_1_5' title="bbox 458 1721 837 1797; baseline -0.008 -14"><span class='ocrx_word' id='word_1_12' title='bbox 458 1721 605 1796; x_wconf 72' lang='lat' dir='ltr'>Parisiis,</span> <span class='ocrx_word' id='word_1_13' title='bbox 621 1725 634 1783; x_wconf 92' lang='lat'>1</span> <span class='ocrx_word' id='word_1_14' title='bbox 650 1721 729 1797; x_wconf 87' lang='lat' dir='ltr'>Maji</span> <span class='ocrx_word' id='word_1_15' title='bbox 743 1722 809 1782; x_wconf 81' lang='lat'>1551</span> <span class='ocrx_word' id='word_1_16' title='bbox 828 1723 837 1756; x_wconf 87' lang='lat'>¹</span> 
     </span>
    </p>
   </div>
   <div class='ocr_carea' id='block_1_4' title="bbox 913 1989 987 2105">
    <p class='ocr_par' dir='ltr' id='par_1_4' title="bbox 913 1989 987 2105">
     <span class='ocr_line' id='line_1_6' title="bbox 913 1989 987 2105; baseline 0 0"><span class='ocrx_word' id='word_1_17' title='bbox 913 1989 987 2105; x_wconf 65' lang='lat' dir='ltr'>nis</span> 
     </span>
    </p>
   </div>
   <div class='ocr_carea' id='block_1_5' title="bbox 270 2253 1578 4467">
    <p class='ocr_par' dir='ltr' id='par_1_5' title="bbox 270 2253 1570 2652">
     <span class='ocr_line' id='line_1_7' title="bbox 394 2253 736 2335; baseline 0 -18"><span class='ocrx_word' id='word_1_18' title='bbox 394 2253 519 2317; x_wconf 82' lang='lat' dir='ltr'>Gratia</span> <span class='ocrx_word' id='word_1_19' title='bbox 534 2263 568 2317; x_wconf 92' lang='lat' dir='ltr'>et</span> <span class='ocrx_word' id='word_1_20' title='bbox 583 2272 655 2335; x_wconf 87' lang='lat' dir='ltr'>pax</span> <span class='ocrx_word' id='word_1_21' title='bbox 670 2263 736 2318; x_wconf 91' lang='lat' dir='ltr'>etc.</span> 
     </span>
     <span class='ocr_line' id='line_1_8' title="bbox 395 2360 1567 2442; baseline 0 -18"><span class='ocrx_word' id='word_1_22' title='bbox 395 2361 474 2424; x_wconf 93' lang='lat' dir='ltr'>Non</span> <span class='ocrx_word' id='word_1_23' title='bbox 493 2361 678 2424; x_wconf 89' lang='lat' dir='ltr'>immemor</span> <span class='ocrx_word' id='word_1_24' title='bbox 697 2360 801 2426; x_wconf 86' lang='lat' dir='ltr'>officii</span> <span class='ocrx_word' id='word_1_25' title='bbox 822 2362 891 2424; x_wconf 92' lang='lat' dir='ltr'>mei</span> <span class='ocrx_word' id='word_1_26' title='bbox 910 2371 944 2425; x_wconf 91' lang='lat' dir='ltr'>et</span> <span class='ocrx_word' id='word_1_27' title='bbox 963 2362 1027 2425; x_wconf 86' lang='lat' dir='ltr'>abs</span> <span class='ocrx_word' id='word_1_28' title='bbox 1052 2372 1087 2425; x_wconf 88' lang='lat' dir='ltr'>te</span> <span class='ocrx_word' id='word_1_29' title='bbox 1112 2360 1258 2442; x_wconf 88' lang='lat' dir='ltr'>injuncti</span> <span class='ocrx_word' id='word_1_30' title='bbox 1284 2361 1371 2424; x_wconf 92' lang='lat' dir='ltr'>mihi</span> <span class='ocrx_word' id='word_1_31' title='bbox 1395 2363 1567 2439; x_wconf 75' lang='lat' dir='ltr'>muneriS,</span> 
     </span>
     <span class='ocr_line' id='line_1_9' title="bbox 270 2458 1570 2548; baseline 0 -18"><span class='ocrx_word' id='word_1_32' title='bbox 270 2458 272 2462; x_wconf 72' lang='grc'><strong>’</strong></span> <span class='ocrx_word' id='word_1_33' title='bbox 335 2467 489 2530; x_wconf 86' lang='lat' dir='ltr'>scribam</span> <span class='ocrx_word' id='word_1_34' title='bbox 504 2467 550 2530; x_wconf 90' lang='lat' dir='ltr'>ad</span> <span class='ocrx_word' id='word_1_35' title='bbox 564 2476 609 2546; x_wconf 90' lang='lat' dir='ltr'>te,</span> <span class='ocrx_word' id='word_1_36' title='bbox 631 2465 673 2530; x_wconf 88' lang='lat' dir='ltr'>R.</span> <span class='ocrx_word' id='word_1_37' title='bbox 692 2467 730 2530; x_wconf 92' lang='lat' dir='ltr'>in</span> <span class='ocrx_word' id='word_1_38' title='bbox 747 2467 840 2548; x_wconf 92' lang='lat' dir='ltr'>Xpo.</span> <span class='ocrx_word' id='word_1_39' title='bbox 865 2466 944 2548; x_wconf 76' lang='lat' dir='ltr'>Pr,</span> <span class='ocrx_word' id='word_1_40' title='bbox 965 2485 1055 2548; x_wconf 89' lang='lat' dir='ltr'>quae</span> <span class='ocrx_word' id='word_1_41' title='bbox 1074 2467 1141 2532; x_wconf 92' lang='lat' dir='ltr'>hoc</span> <span class='ocrx_word' id='word_1_42' title='bbox 1160 2469 1303 2531; x_wconf 90' lang='lat' dir='ltr'>evoluto</span> <span class='ocrx_word' id='word_1_43' title='bbox 1317 2467 1570 2548; x_wconf 88' lang='lat' dir='ltr'>quadrimestri</span> 
     </span>
     <span class='ocr_line' id='line_1_10' title="bbox 340 2561 732 2652; baseline 0 -16"><span class='ocrx_word' id='word_1_44' title='bbox 340 2583 442 2652; x_wconf 88' lang='lat' dir='ltr'>gesta</span> <span class='ocrx_word' id='word_1_45' title='bbox 455 2582 547 2637; x_wconf 90' lang='lat' dir='ltr'>sunt.</span> <span class='ocrx_word' id='word_1_46' title='bbox 722 2561 732 2575; x_wconf 82' lang='lat'><em>&#39;</em></span> 
     </span>
    </p>

    <p class='ocr_par' dir='ltr' id='par_1_6' title="bbox 301 2678 1578 4467">
     <span class='ocr_line' id='line_1_11' title="bbox 395 2678 1568 2762; baseline 0.001 -21"><span class='ocrx_word' id='word_1_47' title='bbox 395 2679 574 2760; x_wconf 89' lang='lat' dir='ltr'>Principio</span> <span class='ocrx_word' id='word_1_48' title='bbox 589 2679 729 2759; x_wconf 88' lang='lat' dir='ltr'>quidem</span> <span class='ocrx_word' id='word_1_49' title='bbox 743 2678 827 2743; x_wconf 92' lang='lat' dir='ltr'>illud</span> <span class='ocrx_word' id='word_1_50' title='bbox 842 2681 970 2762; x_wconf 90' lang='lat' dir='ltr'>dicam,</span> <span class='ocrx_word' id='word_1_51' title='bbox 987 2683 1173 2761; x_wconf 89' lang='lat' dir='ltr'>plerosque</span> <span class='ocrx_word' id='word_1_52' title='bbox 1190 2681 1227 2744; x_wconf 91' lang='lat' dir='ltr'>in</span> <span class='ocrx_word' id='word_1_53' title='bbox 1241 2680 1322 2744; x_wconf 83' lang='lat' dir='ltr'>aula</span> <span class='ocrx_word' id='word_1_54' title='bbox 1341 2681 1443 2759; x_wconf 91' lang='lat' dir='ltr'>regia</span> <span class='ocrx_word' id='word_1_55' title='bbox 1465 2681 1568 2744; x_wconf 90' lang='lat' dir='ltr'>nobis</span> 
     </span>
     <span class='ocr_line' id='line_1_12' title="bbox 337 2785 1569 2868; baseline 0 -19"><span class='ocrx_word' id='word_1_56' title='bbox 337 2786 525 2865; x_wconf 87' lang='lat' dir='ltr'>obstitisse,</span> <span class='ocrx_word' id='word_1_57' title='bbox 543 2787 729 2866; x_wconf 89' lang='lat' dir='ltr'>quominus</span> <span class='ocrx_word' id='word_1_58' title='bbox 742 2785 820 2850; x_wconf 84' lang='lat' dir='ltr'>Rex</span> <span class='ocrx_word' id='word_1_59' title='bbox 838 2787 1063 2868; x_wconf 88' lang='lat' dir='ltr'>privilegium</span> <span class='ocrx_word' id='word_1_60' title='bbox 1081 2787 1241 2868; x_wconf 85' lang='lat' dir='ltr'>erigendi</span> <span class='ocrx_word' id='word_1_61' title='bbox 1259 2787 1399 2867; x_wconf 88' lang='lat' dir='ltr'>collegii</span> <span class='ocrx_word' id='word_1_62' title='bbox 1420 2788 1457 2850; x_wconf 89' lang='lat' dir='ltr'>in</span> <span class='ocrx_word' id='word_1_63' title='bbox 1476 2787 1569 2851; x_wconf 90' lang='lat' dir='ltr'>Aca-</span> 
     </span>
     <span class='ocr_line' id='line_1_13' title="bbox 338 2893 1570 2975; baseline 0.002 -19"><span class='ocrx_word' id='word_1_64' title='bbox 338 2893 453 2956; x_wconf 87' lang='lat' dir='ltr'>demia</span> <span class='ocrx_word' id='word_1_65' title='bbox 477 2894 647 2957; x_wconf 91' lang='lat' dir='ltr'>lutetiana</span> <span class='ocrx_word' id='word_1_66' title='bbox 672 2894 883 2958; x_wconf 87' lang='lat' dir='ltr'>concederet</span> <span class='ocrx_word' id='word_1_67' title='bbox 907 2893 1076 2958; x_wconf 89' lang='lat' dir='ltr'>Societati</span> <span class='ocrx_word' id='word_1_68' title='bbox 1096 2904 1252 2974; x_wconf 91' lang='lat' dir='ltr'>nostrae;</span> <span class='ocrx_word' id='word_1_69' title='bbox 1268 2894 1354 2975; x_wconf 90' lang='lat' dir='ltr'>quin</span> <span class='ocrx_word' id='word_1_70' title='bbox 1374 2894 1484 2958; x_wconf 90' lang='lat' dir='ltr'>etiam</span> <span class='ocrx_word' id='word_1_71' title='bbox 1498 2912 1570 2958; x_wconf 90' lang='lat' dir='ltr'>non</span> 
     </span>
     <span class='ocr_line' id='line_1_14' title="bbox 319 2999 1573 3082; baseline 0 -19"><span class='ocrx_word' id='word_1_72' title='bbox 319 3047 321 3050; x_wconf 84' lang='lat'>-</span> <span class='ocrx_word' id='word_1_73' title='bbox 338 3017 474 3081; x_wconf 89' lang='lat' dir='ltr'>paucos</span> <span class='ocrx_word' id='word_1_74' title='bbox 489 3009 683 3064; x_wconf 87' lang='lat' dir='ltr'>attentasse</span> <span class='ocrx_word' id='word_1_75' title='bbox 696 3019 741 3064; x_wconf 91' lang='lat' dir='ltr'>ne</span> <span class='ocrx_word' id='word_1_76' title='bbox 755 3001 996 3082; x_wconf 86' lang='lat' dir='ltr'>Lotharingus</span> <span class='ocrx_word' id='word_1_77' title='bbox 1009 3001 1210 3066; x_wconf 88' lang='lat' dir='ltr'>Cardinalis</span> <span class='ocrx_word' id='word_1_78' title='bbox 1228 2999 1256 3080; x_wconf 90' lang='lat'>¹,</span> <span class='ocrx_word' id='word_1_79' title='bbox 1279 3000 1573 3081; x_wconf 87' lang='lat' dir='ltr'>congregationis</span> 
     </span>
     <span class='ocr_line' id='line_1_15' title="bbox 337 3106 1572 3189; baseline -0.001 -18"><span class='ocrx_word' id='word_1_80' title='bbox 337 3119 481 3171; x_wconf 87' lang='lat' dir='ltr'>nostrae</span> <span class='ocrx_word' id='word_1_81' title='bbox 496 3107 788 3186; x_wconf 63' lang='lat' dir='ltr'>studiosissimus</span> <span class='ocrx_word' id='word_1_82' title='bbox 805 3109 849 3170; x_wconf 90' lang='lat' dir='ltr'>ab</span> <span class='ocrx_word' id='word_1_83' title='bbox 863 3108 941 3189; x_wconf 91' lang='lat' dir='ltr'>ipso</span> <span class='ocrx_word' id='word_1_84' title='bbox 957 3106 1054 3187; x_wconf 87' lang='lat' dir='ltr'>Rege</span> <span class='ocrx_word' id='word_1_85' title='bbox 1072 3107 1141 3170; x_wconf 91' lang='lat' dir='ltr'>hoc</span> <span class='ocrx_word' id='word_1_86' title='bbox 1162 3109 1254 3171; x_wconf 91' lang='lat' dir='ltr'>idem</span> <span class='ocrx_word' id='word_1_87' title='bbox 1268 3107 1491 3188; x_wconf 88' lang='lat' dir='ltr'>impetraret;</span> <span class='ocrx_word' id='word_1_88' title='bbox 1509 3107 1572 3171; x_wconf 90' lang='lat' dir='ltr'>sed</span> 
     </span>
     <span class='ocr_line' id='line_1_16' title="bbox 337 3212 1573 3295; baseline 0.001 -18"><span class='ocrx_word' id='word_1_89' title='bbox 337 3212 406 3278; x_wconf 91' lang='lat' dir='ltr'>Dei</span> <span class='ocrx_word' id='word_1_90' title='bbox 416 3214 650 3294; x_wconf 90' lang='lat' dir='ltr'>providentia,</span> <span class='ocrx_word' id='word_1_91' title='bbox 664 3231 755 3295; x_wconf 87' lang='lat' dir='ltr'>quae</span> <span class='ocrx_word' id='word_1_92' title='bbox 767 3215 1130 3278; x_wconf 90' lang='lat' dir='ltr'>malorumhominum</span> <span class='ocrx_word' id='word_1_93' title='bbox 1140 3225 1291 3278; x_wconf 87' lang='lat' dir='ltr'>conatus</span> <span class='ocrx_word' id='word_1_94' title='bbox 1301 3215 1440 3293; x_wconf 86' lang='lat' dir='ltr'>evertit,</span> <span class='ocrx_word' id='word_1_95' title='bbox 1450 3215 1573 3278; x_wconf 89' lang='lat' dir='ltr'>iurem</span> 
     </span>
     <span class='ocr_line' id='line_1_17' title="bbox 338 3319 1573 3401; baseline 0.001 -17"><span class='ocrx_word' id='word_1_96' title='bbox 338 3329 498 3384; x_wconf 87' lang='lat' dir='ltr'>nostram</span> <span class='ocrx_word' id='word_1_97' title='bbox 511 3321 722 3401; x_wconf 87' lang='lat' dir='ltr'>praevaluit;</span> <span class='ocrx_word' id='word_1_98' title='bbox 739 3337 822 3384; x_wconf 87' lang='lat' dir='ltr'>nam</span> <span class='ocrx_word' id='word_1_99' title='bbox 834 3330 868 3384; x_wconf 89' lang='lat' dir='ltr'>et</span> <span class='ocrx_word' id='word_1_100' title='bbox 879 3320 1078 3385; x_wconf 90' lang='lat' dir='ltr'>Cardinalis</span> <span class='ocrx_word' id='word_1_101' title='bbox 1090 3319 1331 3401; x_wconf 88' lang='lat' dir='ltr'>Lotharingus</span> <span class='ocrx_word' id='word_1_102' title='bbox 1345 3339 1423 3384; x_wconf 86' lang='lat' dir='ltr'>sese</span> <span class='ocrx_word' id='word_1_103' title='bbox 1431 3339 1573 3385; x_wconf 89' lang='lat' dir='ltr'>murum</span> 
     </span>
     <span class='ocr_line' id='line_1_18' title="bbox 339 3425 1574 3509; baseline 0.002 -19"><span class='ocrx_word' id='word_1_104' title='bbox 339 3428 407 3490; x_wconf 89' lang='lat' dir='ltr'>hac</span> <span class='ocrx_word' id='word_1_105' title='bbox 422 3429 512 3492; x_wconf 89' lang='lat' dir='ltr'>inre</span> <span class='ocrx_word' id='word_1_106' title='bbox 530 3445 595 3508; x_wconf 93' lang='lat' dir='ltr'>pro</span> <span class='ocrx_word' id='word_1_107' title='bbox 614 3428 720 3491; x_wconf 91' lang='lat' dir='ltr'>domo</span> <span class='ocrx_word' id='word_1_108' title='bbox 739 3425 808 3492; x_wconf 90' lang='lat' dir='ltr'>Dei</span> <span class='ocrx_word' id='word_1_109' title='bbox 821 3428 954 3508; x_wconf 88' lang='lat' dir='ltr'>posuit,</span> <span class='ocrx_word' id='word_1_110' title='bbox 975 3428 1200 3509; x_wconf 88' lang='lat' dir='ltr'>privilegium</span> <span class='ocrx_word' id='word_1_111' title='bbox 1220 3427 1305 3492; x_wconf 91' lang='lat' dir='ltr'>illud</span> <span class='ocrx_word' id='word_1_112' title='bbox 1323 3445 1394 3492; x_wconf 91' lang='lat' dir='ltr'>non</span> <span class='ocrx_word' id='word_1_113' title='bbox 1413 3428 1530 3492; x_wconf 85' lang='lat' dir='ltr'>solum</span> <span class='ocrx_word' id='word_1_114' title='bbox 1553 3448 1574 3492; x_wconf 89' lang='lat' dir='ltr'>a</span> 
     </span>
     <span class='ocr_line' id='line_1_19' title="bbox 301 3533 1574 3615; baseline -0.001 -17"><span class='ocrx_word' id='word_1_115' title='bbox 301 3538 304 3551; x_wconf 80' lang='lat'><em>&#39;</em></span> <span class='ocrx_word' id='word_1_116' title='bbox 339 3533 452 3615; x_wconf 83' lang='lat' dir='ltr'>Rege,</span> <span class='ocrx_word' id='word_1_117' title='bbox 473 3535 724 3599; x_wconf 84' lang='lat' dir='ltr'>verumetiam</span> <span class='ocrx_word' id='word_1_118' title='bbox 744 3535 788 3598; x_wconf 89' lang='lat' dir='ltr'>ab</span> <span class='ocrx_word' id='word_1_119' title='bbox 809 3535 968 3598; x_wconf 87' lang='lat' dir='ltr'>interiori</span> <span class='ocrx_word' id='word_1_120' title='bbox 988 3533 1143 3598; x_wconf 88' lang='lat' dir='ltr'>Consilio</span> <span class='ocrx_word' id='word_1_121' title='bbox 1163 3535 1275 3614; x_wconf 91' lang='lat' dir='ltr'>Regis</span> <span class='ocrx_word' id='word_1_122' title='bbox 1295 3544 1330 3598; x_wconf 89' lang='lat' dir='ltr'>et</span> <span class='ocrx_word' id='word_1_123' title='bbox 1349 3534 1574 3599; x_wconf 86' lang='lat' dir='ltr'>Cancellario</span> 
     </span>
     <span class='ocr_line' id='line_1_20' title="bbox 340 3639 1574 3722; baseline 0.001 -18"><span class='ocrx_word' id='word_1_124' title='bbox 340 3640 538 3705; x_wconf 89' lang='lat' dir='ltr'>Galliarum</span> <span class='ocrx_word' id='word_1_125' title='bbox 553 3641 777 3720; x_wconf 85' lang='lat' dir='ltr'>obsignatum</span> <span class='ocrx_word' id='word_1_126' title='bbox 791 3649 1019 3720; x_wconf 66' lang='lat' dir='ltr'>extorquens</span> <span class='ocrx_word' id='word_1_127' title='bbox 1036 3639 1147 3721; x_wconf 76' lang='lat' dir='ltr'>cujuS,</span> <span class='ocrx_word' id='word_1_128' title='bbox 1163 3641 1199 3704; x_wconf 91' lang='lat' dir='ltr'>ni</span> <span class='ocrx_word' id='word_1_129' title='bbox 1214 3640 1328 3722; x_wconf 85' lang='lat' dir='ltr'>fallor,</span> <span class='ocrx_word' id='word_1_130' title='bbox 1346 3639 1472 3705; x_wconf 87' lang='lat' dir='ltr'>advos</span> <span class='ocrx_word' id='word_1_131' title='bbox 1488 3659 1574 3705; x_wconf 82' lang='lat' dir='ltr'>mox</span> 
     </span>
     <span class='ocr_line' id='line_1_21' title="bbox 340 3747 1575 3830; baseline 0.002 -20"><span class='ocrx_word' id='word_1_132' title='bbox 340 3749 539 3829; x_wconf 83' lang='lat' dir='ltr'>exemplum</span> <span class='ocrx_word' id='word_1_133' title='bbox 553 3748 658 3812; x_wconf 87' lang='lat' dir='ltr'>misit.</span> <span class='ocrx_word' id='word_1_134' title='bbox 674 3747 754 3811; x_wconf 91' lang='lat' dir='ltr'>Non</span> <span class='ocrx_word' id='word_1_135' title='bbox 769 3755 954 3811; x_wconf 90' lang='lat' dir='ltr'>contentus</span> <span class='ocrx_word' id='word_1_136' title='bbox 971 3757 1090 3810; x_wconf 85' lang='lat' dir='ltr'>tamen</span> <span class='ocrx_word' id='word_1_137' title='bbox 1101 3747 1245 3828; x_wconf 85' lang='lat' dir='ltr'>sathan,</span> <span class='ocrx_word' id='word_1_138' title='bbox 1263 3748 1377 3811; x_wconf 90' lang='lat' dir='ltr'>omnis</span> <span class='ocrx_word' id='word_1_139' title='bbox 1391 3747 1477 3811; x_wconf 92' lang='lat' dir='ltr'>boni</span> <span class='ocrx_word' id='word_1_140' title='bbox 1491 3767 1575 3830; x_wconf 89' lang='lat' dir='ltr'>ope-</span> 
     </span>
     <span class='ocr_line' id='line_1_22' title="bbox 339 3853 1573 3934; baseline 0.001 -18"><span class='ocrx_word' id='word_1_141' title='bbox 339 3853 390 3916; x_wconf 93' lang='lat' dir='ltr'>ris</span> <span class='ocrx_word' id='word_1_142' title='bbox 415 3853 574 3934; x_wconf 76' lang='lat' dir='ltr'>inviduS,</span> <span class='ocrx_word' id='word_1_143' title='bbox 596 3863 744 3917; x_wconf 93' lang='lat' dir='ltr'>conatur</span> <span class='ocrx_word' id='word_1_144' title='bbox 763 3854 871 3916; x_wconf 91' lang='lat' dir='ltr'>etiam</span> <span class='ocrx_word' id='word_1_145' title='bbox 888 3870 954 3916; x_wconf 90' lang='lat' dir='ltr'>nos</span> <span class='ocrx_word' id='word_1_146' title='bbox 979 3853 1194 3933; x_wconf 85' lang='lat' dir='ltr'>defatigatos</span> <span class='ocrx_word' id='word_1_147' title='bbox 1214 3854 1378 3934; x_wconf 87' lang='lat' dir='ltr'>reddere,</span> <span class='ocrx_word' id='word_1_148' title='bbox 1394 3871 1439 3918; x_wconf 91' lang='lat' dir='ltr'>ne</span> <span class='ocrx_word' id='word_1_149' title='bbox 1456 3855 1573 3919; x_wconf 90' lang='lat' dir='ltr'>incoe-</span> 
     </span>
     <span class='ocr_line' id='line_1_23' title="bbox 340 3961 1573 4042; baseline 0.002 -19"><span class='ocrx_word' id='word_1_150' title='bbox 340 3969 440 4041; x_wconf 92' lang='lat' dir='ltr'>ptum</span> <span class='ocrx_word' id='word_1_151' title='bbox 463 3978 551 4041; x_wconf 93' lang='lat' dir='ltr'>opus</span> <span class='ocrx_word' id='word_1_152' title='bbox 571 3961 813 4037; x_wconf 86' lang='lat' dir='ltr'>absolvamus,</span> <span class='ocrx_word' id='word_1_153' title='bbox 836 3978 880 4023; x_wconf 88' lang='lat' dir='ltr'>ex</span> <span class='ocrx_word' id='word_1_154' title='bbox 898 3977 968 4041; x_wconf 91' lang='lat' dir='ltr'>quo</span> <span class='ocrx_word' id='word_1_155' title='bbox 987 3976 1157 4040; x_wconf 90' lang='lat' dir='ltr'>magnum</span> <span class='ocrx_word' id='word_1_156' title='bbox 1175 3961 1368 4042; x_wconf 88' lang='lat' dir='ltr'>praesentit</span> <span class='ocrx_word' id='word_1_157' title='bbox 1390 3961 1573 4025; x_wconf 88' lang='lat' dir='ltr'>Ecclesiae</span> 
     </span>
     <span class='ocr_line' id='line_1_24' title="bbox 341 4065 1574 4147; baseline 0.001 -18"><span class='ocrx_word' id='word_1_158' title='bbox 341 4065 410 4130; x_wconf 91' lang='lat' dir='ltr'>Dei</span> <span class='ocrx_word' id='word_1_159' title='bbox 424 4065 578 4131; x_wconf 81' lang='lat' dir='ltr'>fructum</span> <span class='ocrx_word' id='word_1_160' title='bbox 592 4075 863 4147; x_wconf 91' lang='lat' dir='ltr'>proventurum;</span> <span class='ocrx_word' id='word_1_161' title='bbox 878 4083 962 4129; x_wconf 91' lang='lat' dir='ltr'>nam</span> <span class='ocrx_word' id='word_1_162' title='bbox 977 4084 1058 4132; x_wconf 91' lang='lat' dir='ltr'>cum</span> <span class='ocrx_word' id='word_1_163' title='bbox 1071 4068 1122 4130; x_wconf 90' lang='lat' dir='ltr'>ita</span> <span class='ocrx_word' id='word_1_164' title='bbox 1137 4077 1279 4130; x_wconf 90' lang='lat' dir='ltr'>cautum</span> <span class='ocrx_word' id='word_1_165' title='bbox 1298 4068 1344 4130; x_wconf 90' lang='lat' dir='ltr'>sit</span> <span class='ocrx_word' id='word_1_166' title='bbox 1364 4068 1503 4147; x_wconf 86' lang='lat' dir='ltr'>legibus</span> <span class='ocrx_word' id='word_1_167' title='bbox 1518 4086 1574 4131; x_wconf 89' lang='lat' dir='ltr'>re·</span> 
     </span>
     <span class='ocr_line' id='line_1_25' title="bbox 340 4172 1575 4255; baseline 0.002 -19"><span class='ocrx_word' id='word_1_168' title='bbox 340 4173 424 4254; x_wconf 79' lang='lat' dir='ltr'>giiS,</span> <span class='ocrx_word' id='word_1_169' title='bbox 448 4182 486 4237; x_wconf 93' lang='lat' dir='ltr'>ut</span> <span class='ocrx_word' id='word_1_170' title='bbox 511 4173 628 4236; x_wconf 88' lang='lat' dir='ltr'>omnia</span> <span class='ocrx_word' id='word_1_171' title='bbox 654 4173 853 4255; x_wconf 88' lang='lat' dir='ltr'>hujusmodi</span> <span class='ocrx_word' id='word_1_172' title='bbox 874 4173 1008 4236; x_wconf 91' lang='lat' dir='ltr'>indulta</span> <span class='ocrx_word' id='word_1_173' title='bbox 1026 4173 1126 4252; x_wconf 90' lang='lat' dir='ltr'>regia</span> <span class='ocrx_word' id='word_1_174' title='bbox 1147 4174 1256 4237; x_wconf 91' lang='lat' dir='ltr'>etiam</span> <span class='ocrx_word' id='word_1_175' title='bbox 1276 4192 1296 4237; x_wconf 91' lang='lat' dir='ltr'>a</span> <span class='ocrx_word' id='word_1_176' title='bbox 1320 4172 1452 4238; x_wconf 88' lang='lat' dir='ltr'>Senatu</span> <span class='ocrx_word' id='word_1_177' title='bbox 1473 4174 1575 4238; x_wconf 87' lang='lat' dir='ltr'>Pari·</span> 
     </span>
     <span class='ocr_line' id='line_1_26' title="bbox 341 4279 1573 4360; baseline 0.002 -18"><span class='ocrx_word' id='word_1_178' title='bbox 341 4280 450 4343; x_wconf 91' lang='lat' dir='ltr'>siensi</span> <span class='ocrx_word' id='word_1_179' title='bbox 464 4282 638 4359; x_wconf 84' lang='lat' dir='ltr'>legantur,</span> <span class='ocrx_word' id='word_1_180' title='bbox 654 4280 772 4343; x_wconf 90' lang='lat' dir='ltr'>necin</span> <span class='ocrx_word' id='word_1_181' title='bbox 788 4279 974 4343; x_wconf 89' lang='lat' dir='ltr'>annalibus</span> <span class='ocrx_word' id='word_1_182' title='bbox 989 4280 1220 4344; x_wconf 90' lang='lat' dir='ltr'>admittantur</span> <span class='ocrx_word' id='word_1_183' title='bbox 1235 4280 1438 4360; x_wconf 89' lang='lat' dir='ltr'>scribenda,</span> <span class='ocrx_word' id='word_1_184' title='bbox 1460 4282 1531 4344; x_wconf 92' lang='lat' dir='ltr'>nisi</span> <span class='ocrx_word' id='word_1_185' title='bbox 1554 4299 1573 4344; x_wconf 92' lang='lat' dir='ltr'>e</span> 
     </span>
     <span class='ocr_line' id='line_1_27' title="bbox 340 4384 1578 4467; baseline 0.002 -18"><span class='ocrx_word' id='word_1_186' title='bbox 340 4403 414 4467; x_wconf 91' lang='lat' dir='ltr'>rep.</span> <span class='ocrx_word' id='word_1_187' title='bbox 432 4387 610 4467; x_wconf 88' lang='lat' dir='ltr'>gallicana</span> <span class='ocrx_word' id='word_1_188' title='bbox 625 4388 669 4450; x_wconf 89' lang='lat' dir='ltr'>ab</span> <span class='ocrx_word' id='word_1_189' title='bbox 684 4387 760 4467; x_wconf 92' lang='lat' dir='ltr'>ipso</span> <span class='ocrx_word' id='word_1_190' title='bbox 775 4384 908 4449; x_wconf 88' lang='lat' dir='ltr'>Senatu</span> <span class='ocrx_word' id='word_1_191' title='bbox 922 4403 1000 4449; x_wconf 86' lang='lat' dir='ltr'>esse</span> <span class='ocrx_word' id='word_1_192' title='bbox 1012 4384 1229 4466; x_wconf 85' lang='lat' dir='ltr'>judicentur,</span> <span class='ocrx_word' id='word_1_193' title='bbox 1243 4387 1362 4450; x_wconf 88' lang='lat' dir='ltr'>omnia</span> <span class='ocrx_word' id='word_1_194' title='bbox 1381 4387 1501 4452; x_wconf 91' lang='lat' dir='ltr'>turbat</span> <span class='ocrx_word' id='word_1_195' title='bbox 1524 4390 1578 4451; x_wconf 88' lang='lat' dir='ltr'>in·</span> 
     </span>
    </p>
   </div>
   <div class='ocr_carea' id='block_1_6' title="bbox 382 4658 1279 4785">
    <p class='ocr_par' dir='ltr' id='par_1_7' title="bbox 382 4658 1279 4785">
     <span class='ocr_line' id='line_1_28' title="bbox 382 4658 919 4716; baseline -0.004 -11"><span class='ocrx_word' id='word_1_196' title='bbox 382 4661 390 4694; x_wconf 86' lang='lat'>¹</span> <span class='ocrx_word' id='word_1_197' title='bbox 420 4661 607 4716; x_wconf 81' lang='lat' dir='ltr'>Apograplrum</span> <span class='ocrx_word' id='word_1_198' title='bbox 618 4661 642 4705; x_wconf 88' lang='lat' dir='ltr'>ln</span> <span class='ocrx_word' id='word_1_199' title='bbox 653 4661 696 4704; x_wconf 83' lang='lat' dir='ltr'>iol.</span> <span class='ocrx_word' id='word_1_200' title='bbox 707 4661 734 4704; x_wconf 81' lang='lat'>20</span> <span class='ocrx_word' id='word_1_201' title='bbox 744 4658 844 4705; x_wconf 86' lang='lat' dir='ltr'>Codicis</span> <span class='ocrx_word' id='word_1_202' title='bbox 859 4659 919 4704; x_wconf 82' lang='lat'>1551.</span> 
     </span>
     <span class='ocr_line' id='line_1_29' title="bbox 382 4729 1279 4785; baseline 0.003 -9"><span class='ocrx_word' id='word_1_203' title='bbox 382 4732 393 4763; x_wconf 77' lang='lat'><strong>²</strong></span> <span class='ocrx_word' id='word_1_204' title='bbox 421 4731 531 4776; x_wconf 83' lang='lat' dir='ltr'>Carolus</span> <span class='ocrx_word' id='word_1_205' title='bbox 542 4731 572 4774; x_wconf 85' lang='lat' dir='ltr'>de</span> <span class='ocrx_word' id='word_1_206' title='bbox 583 4731 672 4777; x_wconf 81' lang='lat' dir='ltr'>Gulsa.</span> <span class='ocrx_word' id='word_1_207' title='bbox 684 4732 749 4776; x_wconf 85' lang='lat' dir='ltr'>Vide</span> <span class='ocrx_word' id='word_1_208' title='bbox 761 4731 887 4782; x_wconf 69' lang='lat' dir='ltr'>Penas-co,</span> <span class='ocrx_word' id='word_1_209' title='bbox 900 4729 1003 4780; x_wconf 71' lang='lat' dir='ltr'>caron„</span> <span class='ocrx_word' id='word_1_210' title='bbox 1012 4736 1031 4773; x_wconf 92' lang='lat' dir='ltr'>t.</span> <span class='ocrx_word' id='word_1_211' title='bbox 1043 4739 1068 4782; x_wconf 87' lang='lat' dir='ltr'>u,</span> <span class='ocrx_word' id='word_1_212' title='bbox 1081 4741 1141 4785; x_wconf 78' lang='lat' dir='ltr'>pag.</span> <span class='ocrx_word' id='word_1_213' title='bbox 1151 4734 1185 4784; x_wconf 84' lang='lat'>90,</span> <span class='ocrx_word' id='word_1_214' title='bbox 1197 4739 1249 4778; x_wconf 85' lang='lat' dir='ltr'>not.</span> <span class='ocrx_word' id='word_1_215' title='bbox 1260 4735 1279 4780; x_wconf 85' lang='lat' dir='ltr'>l.</span> 
     </span>
    </p>
   </div>
   <div class='ocr_carea' id='block_1_7' title="bbox 0 0 1717 5524">
    <p class='ocr_par' dir='ltr' id='par_1_8' title="bbox 0 0 1717 5524">
     <span class='ocr_line' id='line_1_30' title="bbox 0 0 1717 5524; baseline 0 0"><span class='ocrx_word' id='word_1_216' title='bbox 0 0 1717 5524; x_wconf 95' lang='lat' dir='ltr'> </span> 
     </span>
    </p>
   </div>
  </div>
 </body>
</html>
