3442 5538
397 534 435 594 68
782 537 953 596 LlTTERAE
972 553 1242 606 odronrdesress

398 683 549 760 putadas
574 700 664 764 para
689 701 711 746 a
731 683 928 764 Copanhia:
951 683 1110 764 quivult
1129 684 1250 748 vem're
1269 691 1356 766 post
1381 704 1452 766 me,
1476 687 1633 765 abneget

397 789 629 871 semetipsum
643 797 678 854 et
693 790 799 854 tollat
813 808 951 854 crucem
966 810 1071 854 suam
1085 797 1117 855 et
1132 799 1305 872 sequatur
1319 811 1383 855 me.
1397 791 1474 857 Neo
1488 794 1636 874 podedo

400 898 434 962 ia
450 905 556 962 entao
571 898 708 962 resistir
722 917 744 961 a
759 900 855 962 clara
872 906 1048 979 vocaeao,
1070 917 1109 962 se
1130 897 1178 963 foi
1196 900 1279 978 logo
1297 898 1480 963 chorando
1500 910 1536 962 et
1556 903 1630 964 lan-

396 1025 504 1085 couse
519 1025 583 1071 aos
597 1025 660 1088 pes
675 1008 721 1071 do
735 1005 849 1071 Padre
864 1007 949 1071 Luis
965 1007 1158 1087 Gonealez‚
1174 991 1384 1087 pedindolhe
1399 1024 1466 1086 que
1482 1009 1566 1088 logo
1581 1009 1629 1070 ho

397 1116 593 1194 recebesse,
606 1115 826 1178 acusandose
841 1133 908 1196 que
923 1120 981 1178 ate
995 1115 1042 1178 ali
1052 1115 1135 1178 avia
1146 1113 1309 1178 resistido
1321 1133 1364 1178 ao
1376 1113 1507 1194 Spirito
1519 1113 1627 1179 Sanc-

400 1231 452 1300 to,
474 1223 684 1286 cotandoihe
705 1239 746 1285 as
764 1222 998 1300 resistentias,
1025 1239 1093 1303 que
1111 1221 1168 1285 lhe
1189 1223 1272 1285 avia
1292 1221 1377 1285 seito
1397 1231 1431 1285 et
1456 1222 1503 1285 ho
1528 1225 1631 1286 claro

396 1330 503 1393 modo
517 1328 560 1391 de
573 1347 638 1393 sua
652 1333 824 1407 vocaeao.
842 1329 976 1423 Depois
997 1330 1089 1393 disto
1108 1336 1219 1392 temse
1242 1333 1317 1392 tato
1338 1329 1573 1408 aproveitado
1594 1342 1628 1394 et

399 1437 582 1517 aequirido
597 1444 671 1500 tata
686 1437 897 1517 humildade‚
913 1454 981 1517 que
996 1453 1062 1499 nos
1076 1435 1200 1500 edifica
1213 1435 1336 1500 muito.
1351 1435 1380 1499 F
1382 1437 1520 1516 olgeria
1536 1435 1627 1501 Vos·

400 1563 441 1608 sa
455 1543 497 1608 R.
515 1545 558 1608 de
573 1563 594 1608 o
609 1562 675 1607 ver
689 1545 735 1608 ha
750 1545 891 1626 padioia
907 1553 941 1607 et
956 1561 1011 1607 em
1026 1543 1110 1607 todo
1126 1561 1146 1606 0
1161 1544 1262 1607 mais.

456 1650 588 1715 Outros
603 1659 641 1715 so
656 1653 737 1715 tabe
752 1652 918 1715 entrados
932 1651 1055 1732 depois
1069 1651 1115 1713 da
1130 1651 1189 1714 ida
1203 1651 1246 1713 de
1263 1650 1378 1715 Vossa
1393 1649 1453 1730 R.,
1470 1660 1571 1715 entre
1587 1671 1630 1715 os

396 1775 506 1837 quaes
521 1758 570 1824 ho
584 1759 680 1822 deles
694 1759 738 1822 he
752 1759 941 1822 Baithasar
954 1758 1061 1836 Neto;
1078 1757 1158 1822 tabe
1173 1757 1222 1821 ho
1242 1757 1356 1838 primo
1379 1757 1422 1821 de
1442 1758 1628 1841 Jeronimo

396 1863 584 1944 d’osoum,
599 1874 633 1930 et
649 1875 772 1930 outros
786 1874 912 1945 quatro
924 1873 965 1928 co
976 1864 1086 1941 latim,
1099 1874 1133 1928 et
1147 1863 1196 1928 ho
1206 1865 1391 1928 mercader
1402 1867 1626 1944 casteihano,

395 1989 462 2054 que
478 1973 578 2036 tinha
592 1973 688 2053 logia
702 1990 758 2037 em
767 1973 915 2052 Lixboa‚
929 1980 971 2035 co
983 1990 1085 2035 assaz
1100 1971 1291 2050 edificaedo
1306 1971 1349 2035 de
1364 1973 1493 2036 muitos
1513 1991 1582 2054 que
1602 1992 1624 2035 0

393 2081 619 2144 conhescido.
635 2081 670 2145 A
685 2097 750 2143 sua
764 2086 924 2157 voeaedo
939 2079 989 2143 soi
1001 2079 1075 2142 mui
1087 2080 1244 2157 notavel;
1262 2081 1308 2142 ho
1324 2079 1560 2143 instrumento
1575 2081 1622 2143 foi

391 2187 582 2251 Ambrosio
595 2187 625 2252 F
627 2188 761 2252 erreira
777 2194 819 2250 co
833 2203 918 2250 suas
931 2187 1190 2252 circostantias.
1209 2186 1384 2249 Entrardo
1399 2187 1479 2250 tabe
1499 2199 1622 2250 outros

392 2293 482 2358 dous
501 2295 706 2359 sacerdotes
724 2312 827 2358 assoz
841 2292 1026 2358 humildes.
1043 2293 1177 2357 Entrou
1192 2293 1273 2357 tabe
1291 2302 1393 2357 outro
1408 2293 1622 2369 estodiante,

393 2418 459 2482 por
473 2419 576 2466 nome
590 2401 681 2466 Pero
697 2400 886 2479 Carvalh0‚
912 2419 932 2464 o
953 2401 1036 2481 qual
1054 2417 1121 2463 nos
1141 2406 1175 2462 te
1194 2410 1346 2463 estremo
1365 2399 1560 2464 edificados
1579 2409 1621 2463 co

394 2524 459 2571 sua
478 2509 623 2572 firmeza
641 2517 676 2571 et
696 2509 891 2587 costantia;
912 2525 1046 2588 porque
1066 2507 1169 2570 sobre
1189 2525 1246 2570 ser
1265 2506 1308 2570 de
1327 2524 1417 2587 poca
1440 2506 1561 2587 idade‚
1586 2516 1620 2572 te

390 2616 500 2679 muito
516 2615 679 2678 resistido
694 2633 716 2678 a
727 2632 790 2678 seu
800 2616 860 2695 pai
871 2623 905 2678 et
915 2623 1093 2695 parentes;
1106 2631 1239 2696 porque
1251 2629 1352 2677 como
1365 2632 1421 2677 em
1431 2616 1620 2695 pequenho

391 2721 437 2784 ho
452 2723 584 2785 tivesse
599 2721 797 2802 desposado
813 2728 854 2784 co
869 2720 940 2784 hda
961 2721 1103 2785 menina
1123 2721 1248 2799 nobre,
1269 2720 1375 2784 tendo
1398 2738 1419 2784 o
1437 2721 1498 2801 pai
1516 2733 1620 2802 perro

393 2828 436 2893 de
458 2829 519 2892 mil
540 2829 715 2892 eruzados
734 2829 777 2892 de
797 2829 908 2891 tenda
926 2845 1015 2909 para
1032 2828 1090 2892 lhe
1110 2829 1186 2907 dar,
1206 2845 1346 2909 porque,
1358 2833 1428 2891 ndo
1448 2835 1482 2892 te
1503 2839 1618 2906 outro,
1711 2837 1712 2840 ’

387 2941 456 2998 ndo
472 2935 517 2998 ha
532 2953 735 3016 promessas
748 2941 793 2998 ne
808 2943 986 3015 ameaeas‚
999 2941 1043 2998 ne
1057 2935 1180 2998 medos
1194 2952 1260 3017 que
1274 2935 1330 2998 lhe
1344 2941 1475 3016 pondo,
1489 2952 1558 3016 que
1573 2937 1620 2998 ho

392 3048 522 3105 moveo
537 3043 582 3106 do
598 3060 660 3105 seu
674 3043 857 3123 proposito
872 3051 1008 3105 sancto.
1024 3039 1076 3106 Ne
1091 3042 1237 3105 abastdo
1252 3041 1450 3121 relligiosos
1465 3050 1500 3105 et
1514 3043 1618 3106 letra-

389 3147 454 3210 dos
469 3149 563 3213 aliie
577 3148 762 3228 persuadit
777 3166 844 3229 que
858 3151 950 3212 mais
964 3149 1104 3226 servieo
1119 3167 1141 3212 a
1155 3147 1253 3212 Deos
1267 3148 1345 3212 sara
1360 3165 1415 3212 em
1434 3158 1531 3212 estat
1543 3153 1617 3230 pol-

385 3256 439 3318 los
455 3255 694 3336 desposouros
708 3274 775 3337 que
790 3262 809 3320 e
824 3265 945 3320 entrar
959 3273 1016 3319 em
1036 3256 1207 3336 relligido.
1230 3255 1283 3318 He
1305 3255 1348 3318 de
1368 3257 1528 3319 maneira
1548 3276 1617 3336 que

383 3360 432 3424 foi
447 3363 649 3426 necessario
664 3379 708 3426 ao
722 3361 837 3426 Padre
852 3362 981 3426 Mestre
996 3360 1115 3426 Simdo
1130 3362 1253 3425 deixar
1272 3363 1345 3425 isso
1368 3380 1424 3426 em
1446 3369 1549 3427 mdos
1571 3365 1615 3427 de

389 3467 512 3532 homes
525 3470 604 3550 pios
618 3478 653 3532 et
666 3470 822 3534 letrados
837 3487 905 3550 que
920 3488 940 3532 o
956 3470 1196 3532 determinem.
1213 3469 1337 3549 Agora
1351 3478 1428 3532 esta
1442 3471 1476 3533 la
1492 3477 1512 3534 e
1532 3471 1617 3535 Lix-

382 3575 462 3652 boa‚
473 3584 507 3638 et
517 3585 636 3638 temno
649 3575 857 3657 depositado
867 3594 924 3640 em
933 3594 1018 3639 casa
1029 3576 1072 3639 de
1083 3576 1131 3640 ho
1142 3575 1258 3657 home,
1269 3576 1359 3639 onde
1368 3583 1438 3640 ndo
1451 3594 1472 3640 o
1483 3577 1624 3642 deixao.

383 3679 474 3743 salar
489 3688 530 3744 co
545 3682 639 3745 nehir
652 3683 765 3747 irmao
781 3684 824 3746 de
839 3701 940 3763 casa,
961 3693 996 3747 et
1015 3700 1036 3745 a
1056 3683 1197 3746 menina
1216 3689 1235 3746 e
1255 3693 1358 3746 outra
1382 3693 1501 3764 parte,
1522 3703 1615 3766 para

381 3785 457 3849 lhes
470 3786 588 3852 farere
602 3795 772 3870 pregfltas
787 3799 820 3853 et
834 3790 1028 3871 procedere
1042 3807 1107 3871 por
1121 3790 1226 3854 modo
1242 3790 1285 3853 de
1296 3788 1428 3869 justiea
1450 3797 1493 3854 co
1513 3794 1612 3856 elles

383 3891 536 3956 Prazera
552 3913 574 3958 a
588 3894 684 3960 Deos
698 3915 766 3978 que
779 3898 837 3960 lhe
851 3897 1036 3961 escolhera
1049 3897 1097 3960 ho
1111 3914 1179 3978 que
1194 3895 1249 3960 ior
1262 3897 1354 3960 mais
1372 3914 1434 3959 seu
1454 3899 1611 3976 servieo.

445 3999 564 4064 Pouco
580 4003 627 4066 ha
641 4021 708 4083 que
723 4006 927 4069 reeebemos
941 4013 1060 4068 cartas
1071 4004 1117 4067 da
1130 4003 1240 4084 India,
1255 4006 1370 4085 polias
1385 4021 1496 4086 quaes
1511 4008 1612 4070 sabe-

380 4124 460 4170 mos
476 4125 577 4172 como
592 4110 697 4174 todos
711 4129 751 4174 os
766 4112 899 4176 irmaos
918 4112 1016 4175 deste
1037 4129 1130 4176 anno
1147 4109 1302 4192 passado
1321 4113 1502 4192 chegarao
1524 4115 1559 4178 la
1575 4127 1611 4178 et

379 4221 530 4278 estavdo
550 4233 596 4278 no
616 4216 774 4298 Collegio
796 4219 839 4281 de
859 4218 937 4282 Goa
962 4229 996 4281 et
1022 4237 1043 4282 o
1068 4218 1181 4282 Padre
1204 4218 1360 4282 Antonio
1379 4218 1437 4281 ¹et
1454 4219 1547 4302 Joao
1562 4222 1611 4284 da

377 4319 482 4384 Beira
499 4329 541 4385 co
558 4321 751 4387 Francisco
766 4324 809 4388 de
824 4323 1013 4388 Massilhas
1031 4343 1077 4389 no
1096 4324 1192 4390 Cabo
1207 4326 1250 4388 de
1270 4325 1456 4406 Comorin,
1473 4327 1610 4390 doutri-

254 4491 256 4496 ,
375 4428 494 4490 nando
513 4439 548 4492 et
574 4431 796 4493 coservando
821 4432 976 4511 aquesses
1000 4439 1129 4512 xpdos,
1155 4449 1222 4512 que
1248 4433 1295 4495 aii
1318 4433 1447 4496 deixou
1472 4431 1612 4498 Mestre

374 4533 571 4598 Francisco
592 4536 793 4600 covertidos
814 4554 835 4599 a
854 4537 898 4600 se.
920 4537 1088 4602 Tambem
1112 4555 1320 4602 escreveoo
1343 4539 1458 4602 Padre
1473 4539 1610 4605 Mestre

372 4679 587 4696 “

414 4775 423 4807 ¹
453 4773 581 4818 Antonius
591 4773 746 4820 Criminalis.
