3390 5536
776 548 947 608 Ltrraaaa
966 565 1237 618 ouauunrasrnas

949 1232 1093 1316 CXIX

446 1569 482 1628 P.
497 1571 665 1631 Adrianus
678 1572 925 1636 Adriaenssens

482 1669 572 1729 Par-ri
586 1671 715 1746 ignatio
729 1672 771 1732 de
784 1673 924 1749 Loyola.

515 1767 678 1842 Lovanio,
691 1769 710 1830 8
722 1771 873 1844 Januarii
888 1771 957 1830 1552
970 1772 990 1828 ¹.

974 2032 1048 2152 nis

448 2299 572 2364 Gratia
586 2300 730 2365 Domini
744 2301 864 2366 Nostri
881 2301 966 2384 Jesu
984 2302 1048 2366 Χ.ί
1069 2319 1150 2366 cum
1168 2301 1329 2366 omnibus
1350 2301 1464 2364 nobis.
1489 2299 1602 2363 Amen.

376 2475 379 2484 ,
447 2405 700 2472 Amantissime
733 2409 860 2472 Pater:
891 2409 1134 2476 intellexeram
1166 2408 1207 2472 20
1238 2407 1447 2472 Decembris
1478 2416 1603 2487 postam

386 2513 574 2593 quemdam
598 2514 645 2578 ad
669 2515 791 2578 urbem
810 2516 1063 2596 profecturum.
1086 2513 1146 2579 Sic
1166 2531 1380 2596 paraveram
1403 2513 1439 2577 17
1461 2511 1603 2592 ejusdem

386 2621 522 2683 litteras
536 2619 564 2698 ²,
586 2637 675 2702 quas
693 2639 787 2685 nunc
810 2623 925 2700 mitte,
948 2622 1032 2703 quia
1051 2623 1108 2684 ille
1127 2633 1230 2702 posta
1250 2639 1321 2685 non
1340 2619 1405 2684 suit
1424 2620 1601 2701 profectus.

383 2725 549 2790 Referam
563 2744 650 2807 ergo
665 2745 755 2808 quae
770 2729 904 2792 interea
919 2729 1150 2808 contigerint.

443 2832 573 2897 Rector
588 2832 691 2912 hujus
706 2834 958 2898 Universitatis
974 2836 1125 2899 multum
1139 2835 1316 2898 laboravit
1330 2841 1368 2896 ut
1379 2834 1536 2912 placaret
1546 2829 1601 2892 Re·

382 2949 540 3020 gentem,
567 2940 666 3020 quus
690 2941 726 3003 in
751 2941 830 3005 aliis
854 2941 981 3004 litteris
1005 2942 1212 3020 saepissime
1233 2940 1391 3018 memini,
1414 2935 1598 3002 inducendo

382 3046 543 3110 eumdem
557 3065 601 3110 ne
616 3056 740 3110 contra
755 3065 820 3110 nos
835 3055 896 3110 aut
910 3048 968 3110 hic
983 3059 1044 3111 aut
1058 3048 1095 3111 in
1113 3048 1213 3111 curia
1233 3046 1390 3126 Reginae
1412 3045 1599 3109 institueret

380 3154 490 3218 litem.
513 3153 654 3233 Regens
674 3171 760 3217 vero
785 3153 850 3217 suit
871 3162 1074 3233 contentus,
1090 3153 1152 3217 sed
1167 3155 1236 3217 hac
1251 3151 1470 3217 conditione:
1486 3160 1523 3215 ut
1542 3165 1599 3228 ego

383 3261 575 3324 scriberem
589 3261 727 3324 litteras
741 3261 867 3341 quibus
880 3260 1011 3324 fratres
1022 3262 1186 3340 emissos,
1201 3260 1236 3324 in
1246 3260 1378 3324 virtute
1391 3257 1597 3323 obedientiae

382 3383 591 3431 revocarem
603 3376 637 3430 et
648 3366 793 3432 eaedem
804 3367 870 3430 hae
881 3368 1020 3430 litterae
1031 3367 1256 3431 firmarentur
1266 3367 1381 3447 sigillo
1394 3364 1597 3431 Universita·

382 3476 444 3554 tis,
462 3483 496 3538 et
510 3475 560 3537 ita
575 3475 650 3554 ipse
663 3472 806 3552 Regens
821 3491 902 3537 cum
915 3473 971 3537 his
985 3475 1110 3538 litteris
1130 3475 1374 3555 insequeretur
1391 3473 1519 3537 fratres
1531 3487 1597 3534 eos-

381 3598 448 3661 que
462 3581 659 3645 reduceret.
676 3579 753 3660 Ego
767 3579 908 3660 saepius
923 3581 970 3644 ad
985 3581 1073 3644 haec
1085 3591 1119 3644 et
1131 3581 1258 3646 similia
1270 3579 1438 3661 respondi
1451 3596 1519 3643 non
1531 3592 1597 3641 esse

380 3687 417 3750 in
435 3705 515 3751 mea
530 3694 704 3767 potestate
724 3686 857 3766 aliquid
878 3686 1061 3767 injungere
1080 3687 1118 3750 in
1138 3688 1270 3750 virtute
1289 3687 1522 3764 obedientiae,
1540 3698 1595 3746 nec

379 3811 446 3857 nos
460 3811 540 3857 eam
553 3793 685 3856 habere
701 3793 1005 3871 consuetudinem;
1023 3793 1149 3857 deinde
1164 3793 1277 3858 dictos
1297 3793 1427 3858 iratres
1446 3809 1514 3856 non
1534 3803 1595 3852 am·

380 3902 471 3981 plius
485 3917 564 3964 esse
578 3900 643 3964 sub
659 3899 858 3964 obedientia
880 3917 958 3963 mea
978 3901 1041 3964 sed
1060 3898 1135 3980 ejus
1155 3917 1218 3965 seu
1238 3917 1362 3964 eorum
1381 3917 1463 3964 cum
1482 3897 1593 3980 quibus

381 4017 473 4072 sunt.
490 4007 559 4070 Sed
574 4009 642 4070 ista
658 4007 854 4086 intelligere
868 4017 1058 4087 nequeunt.
1074 4005 1158 4072 Post
1172 4007 1261 4070 haec
1276 4007 1369 4071 idem
1387 4007 1525 4087 Regens
1544 4017 1591 4064 ea·

381 4115 463 4178 dem
477 4115 625 4178 contulit
638 4132 720 4177 cum
734 4113 888 4195 quodam
903 4113 1048 4178 doctore
1063 4115 1279 4194 theologiae,
1296 4114 1402 4177 unico
1422 4113 1532 4178 amico
1544 4125 1595 4172 no-

379 4230 472 4300 stro,
489 4229 619 4284 etcum
636 4219 817 4284 lachrimis
838 4221 949 4284 multa
968 4221 1017 4283 illi
1036 4220 1140 4300 dixit,
1157 4221 1206 4283 ita
1225 4231 1264 4284 ut
1283 4220 1377 4283 idem
1397 4220 1519 4283 doctor
1536 4215 1597 4296 J'am

425 4496 433 4528 ¹
462 4495 649 4550 Autographae
660 4495 764 4539 litterae
775 4496 884 4540 Adriani
895 4503 954 4541 snut
965 4497 991 4542 in
1001 4497 1096 4552 duplici
1107 4497 1168 4542 folio
1182 4510 1207 4543 n.
1224 4497 1341 4542 itu-Ex
1355 4499 1408 4554 his,
1419 4505 1448 4543 ut
1458 4497 1533 4544 moris
1541 4499 1595 4542 erat.

380 4567 511 4622 quaedam
521 4568 649 4622 excerpsit
660 4567 787 4610 Poiaucus
797 4569 823 4612 in
836 4567 975 4614 societatis
986 4569 1074 4614 domos
1089 4570 1297 4616 transmittenda.
1314 4570 1412 4616 Horum
1429 4577 1514 4616 autem
1523 4575 1596 4612 excet-

381 4644 486 4694 ptorum
496 4638 620 4682 habemus
630 4639 789 4692 exemplaria
800 4639 857 4682 duo:
868 4651 945 4684 unum
962 4641 988 4684 in
1005 4641 1129 4685 Historia
1144 4642 1232 4691 varia,
1250 4643 1301 4685 voi.
1321 4653 1338 4696 r,
1355 4637 1595 4696 tormentcrum

382 4709 446 4754 Cod.
458 4710 519 4764 1551,
530 4709 573 4753 iol.
584 4711 605 4753 5.

423 4780 435 4814 Ι
463 4781 516 4825 Eas
524 4782 604 4826 habes
611 4793 697 4838 supra,
708 4794 732 4827 n.
744 4781 795 4836 CX.
805 4793 865 4837 pag.
873 4783 920 4826 452.
