3462 5534
363 523 418 583 006
748 523 917 582 erruaau
937 539 1207 591 Quaonrussmus

364 670 513 734 dovicus
538 670 583 732 ad
606 669 767 752 Januarii
789 670 1001 751 principium
1027 671 1225 734 orationem
1249 671 1387 743 habuit,
1417 671 1463 734 ad
1490 687 1599 751 quam

364 775 577 839 audiendam
592 777 734 840 ducenti
748 777 1003 857 propemodum
1022 777 1090 840 viri
1105 777 1221 858 hique,
1238 787 1276 840 ut
1292 778 1520 855 videbantur,
1540 795 1598 840 no·

365 883 509 946 biliores
524 893 776 947 convenerunt.
795 883 917 963 Quam
931 893 1051 948 autem
1071 885 1225 947 omnium
1247 885 1390 947 auribus
1410 884 1521 948 luerit
1543 901 1599 947 ac·

365 997 468 1068 cepta
484 990 677 1053 maximum
698 991 874 1054 silentium
891 989 1085 1068 indicabat,
1107 991 1296 1071 praecipue
1316 991 1400 1072 quia
1414 989 1523 1071 hujus
1538 988 1598 1054 So·

366 1097 505 1160 cietatis
520 1096 716 1160 institutum
738 1097 957 1177 continebat;
980 1114 1072 1178 quae
1091 1115 1149 1160 res
1170 1114 1251 1160 cum
1269 1114 1332 1177 per
1352 1115 1390 1160 se
1411 1097 1457 1160 sit
1472 1097 1598 1160 auditu

360 1201 634 1282 jucundissima,
662 1203 785 1266 modus
807 1202 946 1266 dicendi
970 1212 1005 1267 et
1028 1204 1200 1266 sermonis
1221 1203 1397 1283 elegantia
1423 1203 1597 1285 majorem

365 1309 595 1374 attentionem
606 1309 672 1373 sibi
684 1309 924 1389 comparabat.
938 1309 1084 1374 Postero
1097 1309 1152 1372 die
1167 1310 1315 1391 quisque
1330 1327 1414 1373 suas
1425 1310 1598 1373 lectiones

364 1426 419 1480 est
434 1433 639 1496 aggressus.

424 1522 598 1586 Numerus
612 1522 907 1587 scholasticorum
921 1523 974 1586 sic
989 1533 1139 1602 augetur
1155 1523 1190 1586 in
1205 1523 1280 1587 dies
1295 1532 1333 1587 ut
1347 1524 1497 1604 singulis
1512 1523 1595 1586 heb-

364 1628 574 1693 domadibus
599 1629 707 1710 aliqui
731 1629 1090 1711 superadjungantur.
1111 1628 1217 1694 Pueri
1235 1642 1318 1694 sunt
1337 1631 1512 1711 ingeniosi
1536 1630 1594 1692 ad·

362 1737 523 1816 modum,
546 1735 595 1816 pii
610 1754 652 1800 ac
668 1736 844 1816 religiosi,
861 1747 899 1798 ut
914 1736 957 1800 de
972 1746 1123 1817 utroque
1143 1737 1231 1800 bene
1247 1754 1446 1817 speremus,
1467 1745 1501 1801 et
1520 1735 1594 1816 jam

365 1843 447 1906 licet
462 1859 631 1922 magnum
645 1843 826 1923 profectus
847 1843 1039 1923 vestigium
1058 1861 1215 1907 cernere.
1239 1844 1336 1907 Dant
1356 1861 1503 1925 operam
1521 1845 1593 1908 illo·

363 1966 442 2012 rum
457 1959 706 2030 praeceptores
722 1960 760 2013 ut
777 1967 856 2012 cum
877 1950 1004 2014 litteris
1026 1958 1099 2014 tum
1120 1951 1223 2014 bonis
1237 1952 1394 2014 moribus
1409 1953 1592 2015 instituan-

364 2065 422 2119 tur
433 2073 477 2119 ac
488 2055 703 2136 erudiantur,
718 2056 845 2119 crebro
856 2073 920 2119 sua
931 2066 1079 2138 peccata
1091 2057 1335 2139 confiteantur,
1349 2057 1592 2121 christianam·

365 2180 434 2242 que
449 2161 647 2225 doctrinam
662 2161 839 2241 ediscant,
855 2181 946 2243 quae
961 2173 999 2226 ut
1014 2163 1175 2227 tenacius
1197 2181 1320 2227 eorum
1339 2165 1530 2228 memoriae
1544 2164 1590 2240 in-

367 2268 514 2347 figatur,
538 2269 686 2348 singulis
712 2267 835 2332 diebus
853 2268 908 2332 bis
936 2279 1126 2350 antequam
1156 2271 1298 2334 domum
1324 2270 1530 2349 discedant,
1556 2269 1590 2332 in

366 2376 584 2454 psalmorum
598 2374 741 2438 modum
755 2373 762 2404 ¹
778 2375 944 2455 recitant;
964 2393 1022 2439 res
1036 2377 1178 2440 omnino
1193 2378 1294 2441 nobis
1308 2379 1499 2458 voluptati,
1515 2377 1589 2441 reli-

365 2482 525 2562 quisque,
542 2481 601 2561 qui
615 2482 684 2545 hoc
699 2481 888 2561 aliquando
900 2483 1033 2562 videre,
1050 2484 1095 2547 ad
1110 2485 1277 2564 pietatem
1291 2485 1530 2548 incitamento.

426 2587 524 2651 Haec
539 2598 636 2666 suut,
660 2590 698 2655 P.
714 2589 808 2668 Rae,
828 2607 919 2671 quae
934 2609 1027 2654 nunc
1049 2591 1235 2654 scribenda
1251 2600 1459 2669 occurrunt,
1481 2608 1589 2671 parva

365 2693 524 2774 quidem,
541 2696 603 2758 sed
618 2713 708 2775 quae
728 2696 863 2778 majora
883 2698 1126 2779 polliceantur.
1151 2696 1252 2776 Quod
1271 2697 1300 2760 si
1323 2698 1424 2777 plura
1448 2717 1468 2760 a
1492 2697 1589 2761 nobis

363 2801 613 2880 exspectabam,
630 2801 760 2882 frigida
772 2814 917 2884 pectora
932 2804 1129 2881 accusabis,
1146 2821 1237 2884 quae
1252 2804 1389 2867 utinam
1405 2801 1588 2885 aliquando

365 2907 598 2971 incendantur
613 2927 654 2970 ac
670 2909 928 2974 inflammentur
944 2911 1002 2973 illo
1019 2911 1100 2989 igne
1115 2909 1237 2974 Sancti
1255 2909 1417 2991 Spiritus

424 3012 498 3077 Nos
513 3031 695 3094 speramus
710 3015 837 3080 suturis
851 3015 966 3080 Deum
986 3016 1181 3080 feliciorem
1199 3016 1363 3080 daturum
1378 3033 1586 3091 successum

364 3120 458 3200 quod
474 3129 511 3183 ut
528 3138 769 3201 assequamur,
786 3133 838 3201 tu,
855 3123 912 3194 P..
930 3140 996 3186 nos
1018 3124 1182 3186 minimos
1197 3133 1277 3186 tuos
1293 3123 1328 3186 in
1343 3123 1485 3187 Christo
1505 3123 1588 3186 lilios

366 3226 401 3288 in
422 3226 491 3290 tuis
512 3227 745 3291 sanctissimis
766 3230 986 3293 orationibus
1004 3248 1047 3293 ac
1069 3229 1253 3294 sacrificiis
1275 3230 1351 3292 Deo
1372 3229 1586 3294 commenda.

425 3332 558 3398 Datum
572 3335 772 3399 Florentiae
787 3337 899 3417 pridie
915 3337 1080 3400 calendas
1097 3335 1180 3416 Maji
1199 3337 1286 3399 1552.

425 3441 465 3504 T.
483 3439 523 3503 R.
540 3440 578 3505 P.
596 3443 761 3506 minimus
777 3443 812 3507 in
827 3443 967 3508 Christo
983 3462 1127 3523 servuS,

1165 3661 1238 3722 Lao
1260 3659 1390 3722 Limus.

427 3949 510 4014 Alia
525 3968 652 4014 maara:
667 3952 720 4014 Ex
735 3953 924 4016 Florentia.

406 4171 414 4202 ¹
446 4171 554 4215 alternsss
564 4172 672 4216 vicibus.
