3400 5532
741 546 913 608 Lirreaas
932 563 1200 616 ouanaiuusrass

407 1571 588 1648 Dionysius
602 1573 756 1648 vazquez

443 1670 535 1730 Patri
548 1671 677 1744 Ignatio
689 1670 730 1730 de
743 1669 883 1744 Loyola.

478 1767 665 1843 Compluto,
680 1770 693 1828 1
708 1767 870 1842 Maji1551
887 1767 907 1824 ¹.

843 2113 1087 2218 accncll

413 2401 538 2464 Gratia
555 2411 589 2462 et
605 2417 686 2479 pax,
704 2409 769 2463 etc.

410 2507 540 2570 Missus
560 2517 613 2569 est
634 2505 679 2569 ad
697 2523 762 2568 nos
781 2504 819 2567 P.
840 2505 1010 2568 Tablares
1028 2504 1040 2537 ¹
1060 2523 1141 2570 cunt
1159 2506 1353 2571 illustribus
1371 2508 1584 2588 quibusdam

352 2613 632 2677 adolescentibus
648 2625 668 2674 a
684 2621 717 2675 te
733 2611 852 2675 domui
873 2621 1016 2675 nostrae
1036 2613 1237 2692 destinatis
1258 2611 1297 2676 P.
1323 2614 1582 2678 colendissimo.

351 2720 396 2783 Hi
421 2720 552 2800 partim
576 2719 669 2782 domi
691 2717 765 2798 jam
788 2727 887 2798 sunt,
903 2718 1034 2799 partim
1054 2720 1170 2783 adhuc
1191 2729 1452 2800 exspectantur.
1478 2721 1585 2785 Faxit

350 2827 511 2890 Christus
533 2834 571 2888 ut
594 2826 713 2889 omnia
737 2825 888 2906 optimos
914 2825 1041 2890 sortita
1066 2834 1214 2890 eventus
1239 2827 1275 2890 in
1300 2827 1430 2913 bonum
1456 2827 1583 2894 cedant

350 2950 547 2996 commune.

409 3039 578 3102 Exerceri
591 3038 649 3101 hic
664 3038 835 3119 quosdam
850 3038 1149 3120 Hieronymianos
1163 3037 1286 3102 Patres
1301 3039 1517 3120 scripseram
1537 3043 1582 3102 ad

350 3156 383 3209 te
399 3145 701 3226 praecedentibus
715 3143 808 3224 quod
823 3145 1011 3226 plurimum
1023 3143 1158 3208 fructus
1173 3145 1254 3208 boni
1269 3145 1312 3208 iis
1326 3146 1462 3226 peperit
1477 3155 1583 3228 atquc

349 3253 438 3314 aliis.
454 3251 710 3315 Monachorum
725 3261 820 3314 certe
834 3251 933 3315 multi
948 3251 1032 3314 illud
1047 3267 1112 3331 pro
1128 3259 1308 3331 comperto
1327 3252 1394 3314 sibi
1413 3252 1584 3317 dicebant

349 3377 426 3422 esse
447 3359 532 3422 talia
554 3368 614 3422 aut
639 3357 763 3420 eadem
781 3356 926 3421 Patrum
949 3356 1057 3421 luisse
1075 3356 1318 3438 fundamenta,
1340 3376 1421 3422 cum
1441 3360 1583 3439 religio-

347 3483 432 3530 num
443 3465 642 3545 spiritualia
654 3463 815 3527 aedificia
827 3465 1133 3542 construebantur;
1145 3463 1205 3527 alii
1214 3464 1435 3544 gratiasDeo
1447 3467 1583 3547 optimo

346 3573 501 3636 maximo
519 3590 627 3652 agere
642 3590 679 3634 se
695 3571 851 3652 aiebant,
867 3571 928 3652 qui
942 3588 1004 3634 eos
1018 3571 1085 3634 hoc
1108 3579 1265 3651 tempore
1285 3580 1442 3636 creasset
1465 3591 1582 3654 neque

346 3696 501 3759 unquam
527 3689 641 3742 antea.
666 3677 739 3741 Nec
758 3676 901 3741 defuere
926 3677 1017 3741 inter
1036 3695 1098 3740 eos
1117 3677 1189 3758 (qui
1209 3678 1317 3758 longo
1337 3696 1380 3742 ac
1400 3679 1583 3744 indefesso

346 3785 465 3847 labore
481 3785 677 3864 proiectum
697 3785 841 3866 spiritus
860 3784 1033 3862 emerant)
1054 3792 1254 3847 asserentes
1272 3785 1414 3848 vineam
1436 3785 1583 3851 Domini

345 3892 494 3954 diversis
520 3893 738 3971 temporibus
762 3891 982 3972 diversisque
1007 3891 1170 3955 manibus
1195 3891 1438 3971 operariorum
1460 3897 1581 3958 excul-

346 4008 420 4060 tam
437 3995 563 4075 luisse,
586 4007 618 4059 et
638 4015 708 4060 uno
727 4015 788 4061 ore
803 3997 838 4061 id
858 3996 999 4076 ajebant
1018 4005 1056 4060 ut
1077 3996 1123 4060 ad
1143 3999 1318 4060 culturam
1337 4007 1500 4063 caeteros
1522 4001 1582 4064 ad·

345 4103 583 4181 hortarentur,
599 4103 846 4184 praedicantes
861 4104 971 4166 latere
987 4103 1024 4166 in
1037 4103 1163 4165 vineae
1178 4103 1376 4166 visceribus
1391 4104 1585 4171 thesauros

344 4210 635 4290 pretiosissimos,
661 4210 808 4290 quinon
831 4210 880 4272 ita
899 4226 1029 4289 magno
1049 4209 1192 4286 sudore,
1220 4218 1258 4273 ut
1284 4210 1384 4290 olim,
1404 4213 1583 4291 paraban-

344 4325 412 4380 tur.
429 4315 517 4380 Cum
532 4317 638 4395 igitur
653 4316 689 4378 hi
704 4315 828 4379 Patres
849 4316 943 4396 apud
962 4333 1028 4378 nos
1048 4324 1210 4394 agerent,
1236 4315 1280 4378 ab
1300 4316 1379 4380 aliis
1400 4319 1585 4399 religiosis

344 4422 441 4486 luere
453 4423 623 4486 molestiis
635 4422 774 4501 magnis
789 4421 948 4503 impetiti;
961 4422 1112 4502 quicum
1127 4439 1165 4484 se
1181 4431 1438 4503 conquesturos
1454 4442 1585 4490 coram

390 4698 398 4730 ¹
426 4697 614 4752 Apographum
625 4697 650 4740 in
662 4696 728 4740 lollls
738 4697 765 4738 59
774 4702 799 4739 et
810 4695 837 4738 60
848 4694 948 4738 Codicis
957 4695 1018 4740 1551.

388 4772 399 4801 ²
428 4769 456 4813 P.
469 4770 559 4812 Petrus
570 4770 600 4812 de
611 4768 736 4812 Tablnres
747 4767 828 4811 Roma
838 4769 914 4821 paulo
925 4776 986 4811 ante
998 4769 1045 4812 hoc
1057 4775 1157 4822 tempus
1167 4769 1192 4810 in
1204 4767 1354 4822 Hispaniam
1366 4769 1489 4815 redierat.

518 4905 525 4938 l
