3442 5538
352 535 391 594 7⁴
747 535 919 596 Lutum
937 551 1208 604 Qummsms

415 681 677 746 Encomedome
692 687 712 747 ἐ
727 700 749 746 a
762 681 899 761 bencao
913 679 957 744 de
971 679 1016 745 V.
1033 679 1077 745 R.
1098 698 1118 744 e
1136 681 1218 746 uela
1236 679 1430 744 encomedo
1445 681 1553 744 mor.⁸
1566 699 1587 744 e

354 789 497 872 Gaspar
509 789 704 854 Francisco
717 789 738 869 ¹,
754 806 823 870 que
837 796 901 854 sao
916 806 939 853 a
952 805 1084 870 pregar
1098 805 1163 868 per
1173 788 1269 868 fora,
1282 785 1453 854 Silvestre
1463 785 1585 854 Anon-

354 915 406 978 so,
416 915 436 961 e
445 897 537 962 Pero
547 897 676 978 Lopez‚
689 915 709 961 e
721 896 905 976 Couceiro,
918 896 1048 960 etodos
1056 912 1098 960 os
1108 905 1285 960 ausentes.
1297 895 1582 962 Encomendeme

353 1003 400 1068 V.
416 1002 458 1068 R.
475 1004 584 1069 muito
599 1021 665 1068 nas
679 1004 828 1068 devotas
842 1007 991 1084 oracoes
1006 1020 1025 1066 e
1041 1011 1186 1094 sanctos
1200 1001 1395 1066 sacrificios
1410 1000 1456 1065 do
1468 1001 1586 1066 Padre

354 1113 491 1192 Miona,
508 1112 554 1177 do
567 1111 606 1175 Ρ.
622 1111 771 1190 Poncio,
787 1110 833 1175 do
846 1110 886 1175 P.
902 1110 1073 1192 Codacio,
1090 1110 1136 1174 do
1149 1109 1189 1174 Ρ.
1209 1109 1340 1188 Ferra,
1357 1109 1402 1174 do
1416 1108 1456 1174 Ρ.
1472 1109 1586 1174 Mioer·

353 1220 551 1302 Jeronimo,
568 1219 613 1283 do
629 1228 732 1284 outro
746 1217 785 1282 Ρ.
801 1227 948 1299 parente
962 1217 1159 1282 secundum
1178 1233 1322 1280 carnem
1335 1215 1382 1280 do
1397 1215 1437 1280 P.
1449 1215 1585 1294 Roxas,

353 1327 398 1390 de
413 1325 517 1390 todos
530 1343 640 1390 nosos
653 1324 719 1390 ΡΡ.
743 1343 763 1390 e
781 1323 935 1406 Imm,
954 1343 974 1388 e
993 1324 1037 1388 de
1057 1323 1160 1389 todos
1182 1341 1222 1388 os
1243 1341 1310 1405 que
1332 1340 1371 1388 se
1393 1323 1524 1388 chama
1539 1323 1584 1388 da

354 1432 593 1517 Companhia,
608 1451 677 1515 que
690 1431 787 1498 Noso
802 1429 942 1497 Senhor
955 1449 1021 1496 nos
1035 1431 1079 1496 de
1093 1449 1156 1496 seu
1175 1440 1301 1495 sancto
1322 1447 1422 1496 amor
1435 1448 1457 1494 e
1470 1447 1585 1511 graca,

352 1558 524 1622 puraque
538 1540 805 1624 perfeitamente
819 1557 841 1603 ο
856 1539 1033 1604 sirvamos
1056 1557 1075 1602 e
1096 1537 1277 1618 saigamos
1296 1555 1362 1618 por
1383 1553 1450 1602 sua
1464 1555 1584 1602 omrra

351 1667 373 1712 e
386 1649 504 1729 gloria
517 1665 574 1712 em
588 1654 669 1729 tepo
684 1647 729 1711 de
742 1654 818 1711 tata
831 1644 1077 1725 necessidade;
1093 1663 1113 1708 e
1127 1662 1184 1709 me
1199 1643 1414 1710 encomende
1434 1644 1483 1708 V.
1505 1641 1549 1708 R.
1566 1655 1585 1708 e

353 1755 457 1820 todos
471 1761 529 1820 ate
543 1773 609 1820 nos
632 1754 801 1836 gatinhos
822 1754 927 1818 dessa
942 1761 1068 1817 sancta
1087 1769 1189 1832 casa,
1212 1769 1280 1833 que
1294 1757 1370 1816 tnto
1384 1750 1586 1816 deseiamos

353 1860 398 1926 de
417 1881 493 1926 ver.
518 1861 619 1932 Veni.
644 1863 778 1941 Pater,
802 1861 901 1940 veni,
926 1860 1011 1956 quiq
1035 1859 1234 1940 exquiswit
1257 1865 1292 1922 te
1316 1875 1378 1922 cor
1403 1863 1588 1936 nostrum,

353 1969 489 2047 facim
504 1975 605 2032 tuam
620 1967 850 2049 requinmus.

413 2075 469 2140 De
484 2075 665 2153 Coimbra‚
683 2095 704 2140 a
718 2075 804 2139 XVI
818 2074 862 2139 de
875 2073 1019 2156 Janeiro
1033 2072 1104 2136 548.

414 2181 507 2262 Ρεςο
522 2201 544 2246 a
558 2181 603 2246 V.
619 2182 663 2246 R.
678 2183 749 2246 hfla
765 2187 862 2260 cota,
877 2197 1014 2262 porque
1027 2187 1097 2244 nao
1111 2179 1219 2243 tenho
1234 2178 1369 2258 nehfia,
1383 2195 1459 2242 eao
1469 2176 1510 2242 Ρ.
1522 2177 1585 2241 Mi-

353 2307 415 2353 cer
428 2290 610 2372 Jeronimo
628 2297 750 2368 outra,
767 2306 786 2352 e
801 2307 845 2352 ao
865 2287 904 2352 Ρ.
919 2287 948 2352 F
950 2294 1053 2352 errao
1065 2295 1180 2350 outra.
1197 2284 1248 2350 Co
1263 2286 1350 2348 ellas
1363 2283 1453 2348 terei
1468 2285 1585 2348 maior

354 2395 506 2459 cuidado
521 2396 564 2460 de
579 2414 620 2460 os
638 2394 877 2460 encomendar
898 2413 921 2458 a
941 2393 1037 2458 Noso
1061 2393 1215 2470 Senhor;
1236 2410 1256 2455 e
1273 2391 1368 2456 veha
1388 2391 1585 2455 nomeadas

352 2519 444 2582 para
458 2509 523 2582 m1‚
541 2519 583 2566 ca
598 2503 628 2566 si
641 2503 700 2564 lhe
714 2519 803 2582 peco
818 2517 885 2581 que
901 2507 972 2565 nao
990 2517 1145 2581 esqueca
1166 2499 1210 2562 de
1231 2498 1387 2579 suplicar
1408 2498 1478 2561 isto
1499 2515 1585 2578 pera

353 2613 404 2672 ml
420 2627 465 2672 ao
479 2607 518 2672 P.
534 2607 612 2672 R.⁶⁰
625 2607 758 2672 Mestre
772 2607 928 2688 Ignacio.

414 2715 527 2780 Filius
540 2724 622 2779 tuus
637 2715 802 2778 minimus
816 2716 853 2778 in
865 2713 929 2777 X.⁰

1107 2926 1286 2991 Cmswovfi
1307 2925 1452 2992 Lmfio.

415 3246 795 3328 supersmptav.=Ao
820 3247 931 3310 muito
953 3245 996 3310 R.
1021 3263 1101 3310 meu
1122 3253 1142 3310 ἐ
1166 3246 1213 3310 Χ.
1235 3247 1331 3312 Noso
1353 3247 1389 3313 S.
1417 3267 1439 3312 o
1467 3247 1584 3314 Padre

355 3353 534 3418 Martinho
549 3355 593 3418 de
607 3353 738 3419 Sancta
754 3353 847 3418 Cruz
862 3371 906 3417 en
920 3351 1044 3418 Roma.

413 3461 529 3524 Manu
543 3461 673 3524 Patres
688 3460 902 3538 Hieronymi
916 3458 1076 3523 Natalis:
1093 3459 1185 3540 1548,
1205 3461 1247 3524 de
1268 3460 1434 3526 Cristova
1444 3463 1582 3528 Leitao.

354 3565 410 3630 De
423 3566 591 3632 Coimbra
605 3585 627 3632 a
641 3568 661 3630 6
675 3567 719 3631 de
733 3567 806 3650 Ja.⁰

393 3769 403 3803 Ι
431 3768 461 3813 P.
480 3769 608 3826 Georgia·
625 3769 736 3816 Morem
759 3778 785 3816 et
804 3770 833 3816 Ρ.
848 3770 952 3826 (ἑιεριτ
968 3769 1137 3825 Faucium,
1152 3773 1195 3814 vel
1211 3769 1353 3828 Frmcleci,
1370 3772 1522 3830 Barzaen,
1539 3775 1584 3829 qul

353 3837 402 3884 hoc
412 3840 468 3896 ipso
479 3851 546 3886 anno
556 3840 655 3886 Indiam
665 3841 747 3896 petiit.
759 3842 825 3887 Vide
836 3842 964 3894 Pomco,
976 3841 1068 3886 chron.
1079 3841 1135 3886 Soc.
1144 3841 1210 3896 Jes„
1220 3848 1237 3887 t.
1249 3854 1266 3895 ι,
1276 3854 1336 3899 pag.
1347 3843 1393 3899 198,
1403 3849 1457 3889 not.
1469 3845 1488 3888 1.
