3522 5530
688 540 751 598 Aa.
774 537 845 598 1552
1157 541 1161 550 “
1326 542 1382 600 7ae

149 685 313 748 statuerit
332 685 492 764 generali
510 684 618 748 totius
637 685 732 748 vitae
756 683 979 748 consessione
999 699 1099 748 suam
1125 686 1380 750 conscientiam

151 805 356 872 repurgare.
371 789 472 854 illam
491 807 579 855 vero
598 789 856 854 confessionem
873 789 1005 854 nemini
1023 791 1127 854 alteri
1144 807 1182 854 se
1202 790 1380 857 facturum

150 898 199 960 ait
215 913 324 979 quam
338 897 435 961 Patri
449 897 644 961 Victoriae.

209 1003 249 1068 P.
265 1004 433 1068 Nicolaus
446 1003 597 1085 Lannoy
611 1004 828 1084 singularem
842 1005 935 1085 gerit
948 1021 1072 1068 curam
1080 1004 1326 1086 infirmorum,
1344 1007 1389 1071 in

151 1111 325 1191 hospitale
340 1110 637 1188 decumbentium,
653 1119 688 1174 et
702 1111 851 1175 aliorum
871 1127 1011 1192 quoque
1025 1127 1221 1192 pauperum
1243 1113 1323 1177 aliis
1345 1114 1381 1176 in

150 1218 237 1280 locis
251 1216 311 1280 hle
325 1217 632 1282 commorantium.
649 1216 806 1297 Quorum
821 1217 993 1298 appellari
1006 1227 1109 1298 pater
1124 1220 1257 1299 optime
1272 1235 1381 1284 mere·

151 1335 217 1386 tur.
235 1323 328 1387 Nam
341 1324 423 1388 lieet
438 1323 643 1387 satisfacere
658 1323 822 1388 videatur
832 1339 898 1386 suo
910 1323 1036 1402 officio,
1049 1324 1133 1388 dum
1145 1341 1239 1405 quae
1250 1326 1296 1388 ad
1308 1327 1380 1389 ani-

151 1449 229 1494 mae
253 1431 412 1511 ipsorum
436 1432 586 1494 salutem
608 1430 812 1493 necessaria
837 1437 918 1493 sunt
938 1429 1205 1510 diligentissime
1235 1431 1380 1496 adminl·
1453 1513 1457 1524 .

150 1547 251 1616 strat,
269 1537 337 1601 sibi
352 1538 419 1618 ipsi
433 1545 552 1600 tamen
566 1537 709 1600 minime
723 1533 914 1614 satisfacit,
930 1535 999 1600 nisi
1013 1545 1048 1600 et
1067 1554 1224 1618 corpora
1242 1539 1381 1604 illorum

152 1653 261 1709 curet.
278 1643 408 1707 Milites
423 1643 483 1722 illi,
500 1660 650 1724 quorum
662 1643 823 1723 superius
833 1642 901 1706 ieci
913 1642 1137 1722 mentionem,
1151 1645 1315 1724 quamvis
1330 1646 1381 1709 sic

150 1751 268 1816 adecti
281 1767 327 1814 ex
341 1750 528 1831 Hungaria
542 1750 612 1814 huc
625 1750 787 1814 venirent
807 1757 846 1812 ut
865 1751 924 1814 vel
942 1766 1069 1813 saxum
1090 1751 1135 1816 ad
1156 1752 1383 1816 commisera-

151 1860 283 1922 tionem
298 1859 506 1936 excitarent,
522 1857 683 1922 homines
696 1867 815 1920 tamen
829 1875 874 1920 ne
885 1857 1063 1922 tantillum
1074 1857 1216 1939 quidem
1228 1875 1381 1924 commo·

152 1983 237 2030 vere
250 1973 450 2047 potuerunt.
467 1963 545 2029 Nou
559 1967 674 2030 solum
692 1964 786 2028 enim
806 1964 893 2028 nihil
914 1966 1127 2030 invenerunt
1147 1964 1203 2029 hic
1221 1965 1381 2044 subsidii,

152 2073 246 2154 quod
260 2081 378 2137 tamen
393 2073 598 2152 sperabant,
614 2072 881 2151 recuperandae
897 2070 1057 2150 sanitati,
1075 2089 1199 2136 verum
1218 2075 1327 2137 etiam
1347 2076 1383 2139 in

151 2181 308 2244 deterius
322 2179 417 2244 omni
431 2196 476 2242 ex
490 2187 591 2259 parte
610 2177 669 2242 illa
687 2177 879 2258 urgebatur
897 2187 932 2242 et
947 2177 1234 2258 protrudebatur.
1254 2180 1383 2244 Laceri

153 2296 254 2352 erant
269 2295 303 2350 et
322 2287 370 2350 ita
390 2285 474 2350 nudi
493 2284 635 2366 quidam
654 2293 692 2348 ut
710 2292 830 2364 partes
848 2286 927 2349 illas
946 2287 1124 2367 corporis,
1145 2303 1234 2367 quas
1255 2297 1384 2352 natura

153 2393 264 2458 voluit
279 2393 402 2468 velari,
419 2393 481 2456 vix
495 2392 724 2456 occultarent.
745 2391 856 2456 Nemo
879 2401 997 2456 tamen
1018 2393 1075 2456 vel
1097 2394 1253 2474 palmum
1276 2395 1383 2474 panni

153 2501 347 2564 obtulisset.
363 2499 479 2563 Nimia
494 2499 611 2562 inedia
625 2507 726 2562 erant
741 2498 830 2563 adeo
844 2499 1024 2577 exhausti,
1040 2509 1078 2562 ut
1097 2516 1183 2580 prae
1203 2501 1384 2565 debilitate

155 2609 190 2672 in
215 2607 340 2688 plateis
365 2605 553 2687 aliquando
572 2605 700 2669 misere
718 2607 1006 2686 procumberent;
1027 2607 1246 2687 pereundum
1269 2609 1384 2672 adhuc

155 2715 248 2779 lame
262 2714 439 2779 nonnullis
454 2713 530 2778 luit.
546 2711 698 2777 Tantum
713 2714 812 2776 abest
830 2723 868 2776 ut
889 2713 1075 2794 quisquam
1091 2723 1212 2778 tantae
1229 2717 1384 2779 necessi-

156 2823 221 2886 tati
235 2819 469 2884 succurreret!
485 2820 588 2883 Lassi
603 2830 637 2884 et
652 2819 844 2884 imbecilles
858 2821 1033 2898 siceram,
1046 2803 1301 2904 utvix'corpus
1314 2839 1385 2885 mo·

46 2945 49 2954 ¹
156 2946 240 2992 vere
255 2938 411 3009 possent;
428 2938 465 2992 at
478 2928 541 2991 vix
555 2929 720 2992 inventus
735 2928 809 3005 luit,
826 2927 886 3008 qui
900 2927 1101 2990 rarissimas
1126 2928 1248 3006 paleas
1269 2928 1384 2991 nudae

155 3037 262 3100 humo
277 3044 568 3114 supersterneret.
589 3034 691 3098 Hanc
712 3034 851 3097 illorum
873 3035 1111 3097 calamitatem
1134 3043 1169 3097 et
1188 3043 1384 3098 extremam

156 3142 404 3206 necessitatem
430 3157 510 3204 cum
528 3139 652 3204 diebus
671 3140 804 3222 aliquot
818 3140 955 3203 videret
976 3138 1013 3202 P.
1036 3139 1185 3220 Lannoy
1207 3158 1227 3204 a
1246 3142 1386 3205 nemine

157 3249 346 3327 sublevari,
362 3248 510 3328 putabat
524 3246 559 3310 id
574 3247 708 3327 negotii
723 3265 744 3310 a
762 3245 903 3310 Christo
925 3246 992 3309 sibi
1012 3246 1090 3309 dari
1114 3257 1152 3310 ut
1173 3248 1388 3328 pauperibus

157 3356 224 3419 illis
240 3355 314 3418 suis
329 3371 433 3436 opem
447 3353 565 3417 ferret.
581 3353 706 3418 Effecit
722 3355 850 3434 itaque,
867 3362 941 3416 tum
957 3353 1049 3433 apud
1066 3354 1387 3434 eleemosynarium

155 3461 411 3526 Serenissimae
436 3459 596 3541 Reginae
616 3461 870 3539 Bohemorum‚
893 3469 966 3524 tum
987 3460 1081 3541 apud
1104 3461 1193 3524 alios
1214 3461 1387 3540 quosdam

158 3569 235 3650 pios
249 3569 421 3648 homines,
436 3578 475 3631 ut
489 3568 599 3648 cibos,
615 3575 743 3646 vesteS,
760 3568 882 3647 lectos,
896 3577 1065 3648 quantum
1080 3567 1168 3631 satis
1181 3576 1293 3647 esset,
1306 3569 1388 3631 ethi

158 3677 298 3754 milites
316 3675 424 3739 etalii
440 3693 578 3757 quoque
597 3691 786 3756 paupereS,
809 3676 868 3756 qui
889 3675 945 3738 his
967 3675 1071 3738 rebus
1093 3673 1253 3738 destituti
1273 3685 1386 3754 erant,

161 3783 341 3846 haberent.

219 3889 254 3953 A
268 3888 482 3971 pauperibus
498 3889 544 3953 ad
557 3890 674 3953 aulam
690 3897 860 3954 revertor.
879 3887 1112 3952 Serenissima
1126 3887 1264 3967 Regina
1275 3887 1388 3951 Bohe·

161 3998 252 4060 miae
268 3999 356 4060 solet
371 4013 409 4060 se
422 3996 610 4075 diligenter
624 4005 659 4060 et
672 4014 718 4060 ex
732 3996 849 4059 animo
870 3996 1120 4059 commendare
1143 3995 1308 4074 precibus
1328 4013 1389 4057 no-

160 4111 326 4183 strorum,
344 4103 481 4185 quoties
496 4105 553 4166 vel
566 4101 779 4166 infirmitatis
793 4102 924 4183 aliquid
938 4103 1084 4182 patitur,
1104 4103 1162 4164 vel
1175 4101 1266 4164 aliae
1281 4101 1391 4164 etiam

162 4225 309 4289 causae,
326 4210 362 4274 in
381 4209 507 4290 quibus
526 4209 685 4273 divinum
707 4209 752 4273 sit
771 4208 1031 4289 implorandum
1050 4207 1238 4286 auxilium,
1258 4207 1390 4272 fuerint

165 4319 322 4380 obortae.
349 4315 524 4396 Tempore
548 4325 672 4397 partus
695 4316 822 4379 devote
846 4315 970 4378 orabat
990 4324 1027 4378 ut
1046 4313 1091 4378 ad
1111 4315 1390 4396 sesquimensem

161 4432 314 4503 quatuor
330 4422 485 4502 quotidie
500 4439 604 4486 saera
619 4439 639 4486 a
654 4422 785 4486 nostris
798 4421 961 4485 Patribus
984 4438 1107 4502 prose
1127 4421 1262 4485 fierent.
1288 4421 1390 4500 Quod

162 4530 349 4610 diligenter
374 4539 535 4592 curatum
556 4540 619 4606 est,
644 4529 831 4608 omniaque
852 4545 1021 4609 prospere
1045 4537 1305 4593 successerunt.
1328 4529 1392 4593 Est

166 4635 269 4700 valde
283 4636 455 4700 benevolo
469 4637 813 4717 propensissimoque
828 4635 964 4712 animo,
981 4650 1061 4697 cum
1081 4652 1169 4714 erga
1190 4634 1258 4699 hoc
1278 4635 1391 4700 Colle-

163 4743 272 4822 gium,
289 4751 363 4806 tum
378 4759 464 4822 erga
479 4753 590 4806 rotam
605 4741 830 4820 Societatem,
847 4755 1062 4822 operamque
1083 4757 1185 4804 suam
1206 4744 1393 4823 pollicetur
