935 1458
218 186 245 201 748
409 187 495 201 Liri-ens
504 190 639 203 ρυΑῡκωεε-τκιε

248 223 297 238 Haec
309 225 357 242 sunt,
368 227 413 243 quae
425 223 528 239 Paternitati
538 225 579 238 tunc
592 223 685 239 scribenda
698 228 737 239 sese
750 223 832 241 offerunt.

218 254 240 265 ex
247 250 280 269 liis,
288 254 333 269 quae
341 250 375 265 hoc
382 250 506 270 quadrimestri
514 252 597 269 operatus
605 252 631 265 est
641 250 727 266 Dominus
733 254 765 270 per
771 254 834 266 servos

218 280 266 292 suos.

248 302 337 323 Principio
349 302 417 319 Doctor
431 303 518 323 Baptista,
533 303 551 319 Ρ.
566 306 634 321 noster,
649 303 704 318 adivit
717 303 802 323 Deniam,
817 306 836 319 ut

218 333 261 345 oves
271 329 310 345 illas
320 329 413 349 inviseret,
424 334 469 349 quas
478 330 511 345 sibi
524 330 612 345 commisit
625 329 720 349 Dominus,
730 330 760 345 ubi
770 334 803 350 per
811 330 835 345 bi-

217 356 271 372 duum
283 358 346 376 quater
356 356 471 372 concionatus
481 359 508 372 est
519 360 584 376 magno
594 361 634 372 cum
648 356 715 376 fructu;
728 357 778 372 multi
788 357 836 372 enim

217 382 294 398 confessi
302 385 350 402 sunt,
360 385 378 398 et
385 383 445 403 plures
455 383 537 402 fuissent,
549 383 583 398 nisi
594 383 654 399 sedula
664 387 707 399 curn
718 383 774 399 nostri
787 383 836 399 illum

217 409 240 425 ad
248 413 281 425 nos
288 409 340 425 citius
348 409 409 425 venire
417 409 536 429 compulisset⁴
546 409 599 425 Venit
607 409 660 429 igitur
668 413 709 425 eum
716 409 772 425 altero
783 409 836 425 Pam-

217 436 266 452 socio
279 436 302 452 ad
314 436 445 452 xenodochium
457 436 534 455 Deniae.
545 438 564 452 ut
577 436 628 452 alteri
640 436 710 452 illorum
721 431 836 452 confiteretur

217 462 339 482 xenodochus,
349 463 380 483 qui
391 467 412 478 ea
422 465 474 479 nocte
485 467 496 478 a
505 463 611 483 quibusdam
620 462 714 482 juvenibus
725 463 748 478 ad
760 466 835 479 mortem

217 494 272 509 usque
282 489 377 509 perductus
390 489 447 505 fuerat
460 489 562 505 exitialibus
575 489 687 508 vulneribus
700 490 834 510 consessusque.

217 518 258 532 ante
266 516 332 532 obitum
342 516 451 532 occisoribus
461 516 533 532 obtenta
544 519 570 532 est
580 516 642 535 venia,
651 516 738 536 Paterque
749 521 759 532 a
767 516 835 532 Guber-

217 545 279 558 natore
286 543 360 558 obtinuit
367 545 386 558 ut
393 543 487 563 quemdam
493 543 584 563 juvenem,
594 543 616 558 de
624 543 655 558 tali
662 546 719 558 morte
726 545 834 563 suspectum,

217 574 228 585 u
240 569 315 585 vinculis
328 570 346 585 in
358 569 439 585 libertate
451 572 555 590 reponeret;
569 569 616 589 quod
629 569 695 585 factum
708 572 740 585 est.
755 569 834 585 Alterius

217 596 270 612 etiam
281 596 357 611 hominis
369 596 476 616 libertatern,
489 596 518 616 qui
531 599 603 616 propter
613 596 662 612 aliud
671 596 754 612 delictum
766 597 834 612 catenis

216 622 287 638 vinctus
294 622 363 642 aderat,
372 622 429 638 Patris
437 623 519 643 precibus
527 622 607 642 permisit
617 622 736 638 Gubernator.

246 648 301 664 Allati
309 651 349 664 sunt
356 649 396 664 illuc
405 651 442 664 tum
450 649 543 665 duodecim
551 649 640 668 homines,
651 649 752 665 triremibus
762 653 785 664 ex
796 654 833 664 sen>

217 675 272 690 tentia
278 674 342 695 judicis
349 675 440 695 destinati,
452 679 526 696 quorum
537 676 606 691 animos
613 675 666 691 Pater
676 676 745 691 erudito
757 676 833 696 quodam

216 706 298 717 sermone
305 702 328 717 nd
336 702 465 718 consessionem
473 702 552 722 attraxit,
562 702 674 722 confessique
682 705 723 718 sunt
730 707 753 718 ex
761 702 795 718 illis
802 703 832 718 ali-

216 728 254 747 qui,
262 731 279 743 et
286 728 361 744 fuissent
369 733 437 748 omnes,
446 729 480 745 nisi
488 729 539 744 binos
547 733 577 744 eos
585 729 667 744 custodes
676 731 830 747 concatenassent;

215 759 256 770 cum
263 755 286 774 is,
295 755 325 775 qui
332 755 446 775 praecipuam
454 759 516 771 curam
524 755 593 771 illorum
601 755 680 775 gerebat,
691 755 760 775 aliquos
770 755 831 771 dissui*

216 782 276 804 visset,
285 782 388 802 persuaderi
395 787 485 802 nunquam
491 782 548 802 potuit
555 785 574 797 ut
581 782 658 802 reliquos
666 782 776 798 dissolveret.

245 808 339 824 Ordinnvit
346 809 399 824 etiam
408 809 426 824 in
433 814 454 824 eo
465 809 536 829 oppido,
548 809 595 829 quod
605 809 649 824 solet
661 811 739 824 statuere
749 813 832 828 quocum·

215 839 249 855 que
256 835 394 851 concionaturus
402 836 443 855 abit,
452 838 471 851 ut
479 835 586 855 congregati
594 835 646 851 simul
653 839 714 851 omnes
722 835 772 855 pueri
778 835 824 851 domi

216 862 260 877 uicis
267 862 328 878 diebus
336 865 353 878 et
360 862 410 878 sestis
418 862 517 878 doctrinam
525 862 626 878 recitarent.

245 888 313 904 Deinde
324 888 412 905 dominico
422 889 451 905 illo
461 889 497 908 die,
508 889 588 904 Gandiae
599 888 667 904 Ductor
677 888 765 908 Baptista,
779 888 832 904 Pater

215 917 281 934 noster.
290 915 406 931 concionatus
417 918 452 936 est,
461 916 547 931 instanter
556 916 578 931 ad
586 915 603 931 id
611 915 667 935 pridie
675 917 754 935 rogatus.
765 915 832 931 Eodem

215 941 268 957 etiam
276 942 312 961 die,
321 945 391 962 praeter
399 947 468 962 semper
476 942 581 958 confitentes
587 954 591 961 ,
600 942 649 957 multi
657 942 687 957 alii
695 942 742 961 apud
749 946 781 957 nos
791 946 832 957 con-

215 968 257 984 sessi
265 970 311 984 sunt.
322 968 372 984 Tunc
382 969 443 989 etium,
452 969 530 989 peractis
538 968 575 989 jam
586 968 691 988 vespertinis
702 968 759 988 horis,
767 973 832 988 pompa

215 995 299 1015 Corporis
307 995 373 1011 Christi
381 995 402 1011 de
410 996 489 1015 Collegio
498 998 565 1014 nostro,
574 999 606 1015 per
613 995 684 1010 scholae
690 995 776 1011 ambitum
782 997 799 1010 ct
807 995 831 1010 in>

216 1022 282 1037 teriora
289 1022 355 1042 spatia,
366 1027 441 1042 quorum
451 1022 529 1042 parietes
536 1021 600 1042 pannis
612 1021 663 1041 tecti,
675 1022 769 1041 processit;
781 1022 831 1037 addc*

215 1048 257 1064 bant
265 1052 327 1068 nempe
336 1049 466 1064 solemnitatem
473 1053 579 1064 numerosus
585 1048 644 1068 populi
652 1052 755 1066 concursus,
765 1051 832 1068 praete*

215 1079 246 1091 ren
262 1075 337 1095 equites,
354 1076 384 1095 qui
399 1080 439 1091 curn
452 1075 501 1091 Duce
516 1077 645 1094 convenerant,
660 1075 712 1090 tubae
725 1075 799 1091 ductiles
815 1078 830 1090 et

216 1104 308 1118 cantorum
320 1102 376 1118 dulcis
389 1105 494 1122 concentus,
506 1107 527 1118 ac
540 1102 611 1118 tandem
624 1101 719 1117 latinorum
732 1102 830 1118 carminum

215 1129 325 1148 compositio,
334 1133 379 1149 quae
389 1130 448 1145 omnia
456 1129 556 1145 alliciebant
564 1129 632 1144 animos
640 1129 684 1144 bene
692 1129 800 1148 compositos
813 1132 830 1144 ut

215 1155 254 1171 Deo
267 1156 434 1175 congratularentur
446 1160 541 1175 omnesque
554 1155 621 1171 cultum
634 1154 739 1174 laudemque
753 1157 830 1175 praesta-

215 1184 255 1197 rent
265 1181 350 1198 Creatori.
362 1182 437 1198 Peracta
447 1182 484 1202 jam
497 1186 561 1202 pompa
572 1181 689 1197 concionatus
700 1183 727 1196 est
740 1181 759 1197 P.
772 1184 831 1197 noster

215 1208 293 1224 breviter
300 1211 317 1224 et
325 1209 405 1227 dilucide,
414 1209 544 1229 commovitque
553 1209 647 1224 multorum
653 1207 727 1227 animos,
734 1208 828 1228 praecipue

217 1235 296 1251 rnilitum.

773 1341 904 1412 ..A
