3400 5532
346 581 400 643 316
742 579 913 636 erraaan
932 591 1205 643 ooaonurasrnss

343 735 383 790 ut
401 725 656 791 conscientiam
680 721 798 785 multis
823 720 986 784 sordibus
1005 719 1285 784 contaminatam
1303 728 1518 799 purgarent,
1542 727 1577 780 et

345 833 512 896 vitiorum
527 831 686 894 maculas
699 829 852 902 luerent,
870 843 949 890 sese
969 834 1164 906 receptant.
1185 825 1241 889 Ex
1259 825 1314 888 his
1336 825 1396 888 alii
1409 833 1577 906 quatuor,

347 938 407 1002 alii
435 956 514 1015 sex,
541 935 684 1017 quidam
709 941 859 1015 septem,
885 933 1044 996 nonnulli
1071 931 1210 1012 decem,
1233 948 1346 1011 neque
1366 931 1472 1011 pauci
1498 931 1583 994 totis

288 1065 296 1082 ·
347 1047 470 1108 decem
488 1051 522 1106 et
546 1051 627 1105 octo
652 1049 713 1105 aut
737 1040 865 1120 viginti
883 1039 1002 1117 annis,
1030 1039 1179 1102 salutari
1197 1039 1438 1118 poenitentiae
1460 1054 1581 1100 sacra·

346 1160 465 1214 mento
485 1158 520 1213 et
539 1149 757 1212 sacramenti
781 1145 950 1210 beneficio
976 1155 1181 1225 caruerant3
1207 1146 1265 1209 hic
1290 1145 1516 1208 fortunarum
1529 1143 1579 1225 ja·

346 1266 447 1321 ctura
473 1257 518 1319 ad
543 1254 826 1334 desperationem
849 1253 1033 1332 redactuS,
1057 1252 1115 1315 ille
1137 1253 1337 1316 inveterato
1363 1252 1445 1314 odio
1472 1259 1583 1332 atque

346 1363 474 1427 anim'is
495 1360 708 1426 exulceratis
728 1360 998 1437 contabescens,
1024 1358 1183 1422 nonnulli
1203 1359 1275 1440 qui,
1293 1359 1328 1420 in
1343 1359 1583 1422 concubinatu

347 1479 452 1551 atque
474 1467 647 1532 adulterio
663 1467 839 1546 obdurati,
861 1465 906 1530 ad
922 1483 1024 1529 omne
1039 1483 1129 1545 pene
1144 1465 1298 1528 immane
1312 1465 1452 1528 lacinus
1467 1466 1583 1528 occal-

348 1580 501 1653 luerant,
528 1575 616 1638 nihil
641 1575 756 1637 minus
782 1573 954 1654 quamde
980 1590 1044 1634 sua
1071 1574 1185 1635 salute
1208 1572 1419 1651 cogitantes.
1447 1571 1584 1635 Verum

349 1683 542 1761 enimvero,
569 1688 793 1743 sacramento
814 1678 1046 1742 confessionis
1060 1678 1138 1741 Deo
1153 1695 1217 1742 suo
1233 1677 1473 1758 reconciliati,
1491 1686 1527 1740 et
1542 1679 1585 1740 de

349 1797 524 1870 potestate
540 1787 766 1850 tenebrarum
780 1786 909 1866 erepti,
924 1785 1210 1865 gravissimoque
1232 1785 1413 1848 servitutis
1422 1783 1524 1864 jugo,
1540 1802 1584 1846 ex

349 1895 551 1960 cervicibus
576 1895 739 1974 depulso,
767 1891 922 1972 liberati,
948 1892 1062 1956 vitam
1083 1893 1189 1971 longe
1211 1892 1319 1954 aliam
1341 1891 1583 1954 instituerunt.

409 2001 578 2065 Meretrix
591 1998 768 2081 quaedam
787 1999 878 2062 inter
898 1999 1004 2076 alias,
1026 2015 1117 2078 quae
1139 1996 1213 2077 jam
1231 1997 1354 2061 decem
1373 2013 1489 2060 annos
1510 1997 1582 2060 soe-

350 2108 496 2172 dissimo
520 2106 749 2186 turpitudinis
763 2121 875 2168 coeno
895 2105 1074 2180 involuta,
1096 2103 1246 2167 circaeis
1267 2103 1402 2184 poculis
1424 2103 1584 2183 perditos

344 2216 494 2297 J'uvenes
508 2213 543 2276 in
558 2230 640 2276 sues
654 2220 873 2275 commutare
889 2209 898 2242 ¹
914 2211 1018 2275 solita
1039 2219 1132 2289 erat,
1155 2227 1226 2274 non
1247 2211 1361 2274 solum
1376 2227 1421 2272 ex
1435 2209 1581 2290 prosun-

350 2321 496 2385 dissima
517 2319 770 2382 obscoenitatis
784 2315 985 2397 voragine·
999 2333 1193 2396 emergere,
1206 2317 1269 2380 sed
1283 2333 1321 2380 se
1337 2317 1444 2380 etiam
1455 2315 1534 2380 Deo
1545 2316 1580 2378 in

349 2427 521 2507 religione
536 2441 747 2488 consecrare
762 2425 955 2488 constituit.

409 2531 666 2596 Poenitentium
681 2547 849 2594 numerus
867 2531 966 2594 hisce
981 2531 1102 2595 diebus
1117 2529 1128 2560 ³
1143 2530 1284 2594 fuerunt
1300 2529 1442 2593 circiter
1456 2529 1553 2592 mille
1569 2526 1581 2560 ⁸

352 2649 413 2703 aut
428 2648 524 2702 certe
542 2656 614 2701 non
635 2639 745 2701 multo
765 2655 878 2701 secus,
902 2637 993 2701 Nam
1007 2637 1124 2701 multis
1140 2637 1273 2716 diebus,
1291 2646 1373 2700 ante
1387 2637 1517 2714 lucem,
1535 2634 1580 2696 ad

350 2746 588 2810 confessiones
603 2745 797 2808 audiendas
812 2745 981 2826 quinque,
1002 2745 1063 2826 qui
1074 2743 1168 2808 domi
1183 2761 1340 2824 eramus,
1358 2743 1578 2815 sacerdotes

352 2852 636 2931 accersebamur,
660 2860 694 2914 et
715 2868 826 2932 usque
851 2851 898 2914 ad
922 2851 1064 2914 tertiam
1085 2851 1201 2914 noctis
1222 2850 1348 2913 horam
1371 2851 1583 2930 plerumque

351 2959 419 3023 illis
433 2958 616 3023 audiendis
630 2957 895 3021 distinebamur.
922 2956 1043 3038 Neque
1064 2975 1152 3021 vero
1170 2957 1194 3019 ii
1214 2965 1364 3035 tantum,
1381 2956 1443 3035 qui
1457 2957 1504 3019 ad
1519 2973 1583 3018 nos

352 3067 588 3143 ventitabant,
605 3063 757 3128 confessi
776 3073 877 3144 sunt,
897 3079 1111 3145 quamquam
1124 3063 1282 3126 nonnulli
1297 3063 1420 3140 etiam,
1437 3071 1584 3142 propter

352 3190 529 3237 summum
543 3189 588 3235 ex
602 3172 771 3235 extremis
784 3171 882 3234 urbis
896 3171 1101 3250 regionibus
1122 3187 1354 3248 concursum,
1379 3187 1460 3233 cum
1483 3169 1585 3250 paria

352 3280 470 3344 facere
484 3297 555 3342 non
570 3295 773 3358 possemuS,
790 3277 921 3358 repulsi
943 3287 1042 3356 sunt;
1067 3278 1129 3341 sed
1150 3277 1257 3341 etiam
1277 3277 1451 3340 moniales
1470 3274 1585 3356 cujus·

351 3387 435 3450 dam
456 3385 618 3450 coenobii
636 3383 782 3448 summis
802 3384 968 3464 precibus
989 3379 1245 3447 contenderunt
1259 3392 1297 3446 ut
1312 3399 1436 3447 earum
1450 3382 1587 3446 confes·

352 3494 469 3556 siones
496 3501 699 3555 nostrorum
724 3491 850 3571 aliquis
876 3491 1030 3570 audiret;
1058 3490 1258 3572 quodcum
1287 3490 1435 3553 honeste
1460 3491 1586 3570 negari

352 3617 423 3662 non
443 3607 563 3678 posset
583 3615 605 3659 a
624 3597 741 3676 nobiS,
763 3598 919 3660 maxima
945 3597 1084 3660 illarum
1105 3596 1256 3660 utilitate
1277 3606 1312 3660 et
1335 3595 1455 3660 fructu
1474 3596 1587 3677 perfe-

353 3713 450 3766 ctum
464 3713 528 3766 est.
552 3702 631 3766 Non
652 3701 837 3766 defuerunt
859 3702 1019 3784 plurimi,
1043 3702 1103 3783 qui
1128 3701 1174 3765 ad
1194 3719 1260 3766 nos
1281 3704 1491 3766 munuscula
1505 3704 1587 3766 mis·

353 3811 516 3890 sitarent;
543 3810 605 3872 sed
630 3827 673 3871 ea
698 3810 817 3872 omnia
842 3826 981 3889 semper
1003 3809 1137 3872 intacta
1159 3809 1376 3888 remisimus,
1399 3817 1440 3871 ut
1464 3817 1500 3872 et
1524 3826 1587 3872 no·

353 3927 467 3980 strum
479 3917 604 3979 melius
620 3916 818 3979 institutum
832 3915 1099 3995 intelligeretur,
1116 3923 1151 3978 et
1165 3933 1242 3994 noe,
1256 3931 1338 3978 cum
1352 3913 1447 3978 Divo
1462 3913 1585 3995 Paulo,

354 4040 425 4086 non
440 4039 506 4086 sua
520 4023 583 4085 sed
597 4039 635 4085 se
650 4039 821 4102 quaerere
837 4021 1190 4086 animadverteretur.

412 4130 493 4212 Jam
506 4146 593 4192 vero
608 4128 764 4208 quotidie
784 4129 828 4191 ab
851 4129 1117 4208 aegrotantibus
1138 4137 1172 4191 et
1193 4127 1309 4191 minus
1330 4138 1428 4192 recta
1450 4131 1588 4192 valetu-

397 4437 406 4469 ¹
435 4443 593 4481 commutare
609 4439 805 4480 asianarum
820 4440 902 4482 cantu
918 4437 1022 4481 illectos
1034 4438 1202 4492 praecipites
1216 4450 1303 4492 agere.
1319 4439 1415 4483 Acu.-
1422 4445 1591 4483 commutare.

358 4507 418 4551 Por..

399 4582 410 4611 ἱ
439 4581 564 4634 voragine
574 4593 606 4626 ac
616 4579 751 4624 barathro.
762 4581 828 4623 Aca.

396 4652 407 4683 ³
434 4651 523 4695 Verba
534 4651 598 4695 haec
608 4651 682 4695 hisce
692 4651 787 4695 diebus
797 4651 896 4695 addldit
908 4651 1050 4695 Potarcus.

394 4723 406 4754 ⁴
432 4723 480 4766 600.
495 4723 661 4767 Acir-low.
678 4722 825 4776 Ponarcus,
842 4723 883 4777 qul
901 4722 1003 4766 aliunde
1018 4723 1094 4777 hujus
1109 4723 1207 4766 numeri
1224 4722 1344 4766 notitiam
1359 4723 1478 4768 hausisse
1497 4729 1589 4779 putan—

354 4795 401 4838 dus
410 4801 458 4839 est.
