3442 5538
358 433 392 491 16
747 433 917 490 Lirrnrenn
936 447 1207 498 QUADRiMESTREs

358 595 425 658 que
440 582 462 640 6
476 577 521 641 V.
538 576 580 641 R.
596 579 629 640 ie
644 578 745 658 piace
759 593 827 657 que
841 576 979 640 escriba
995 594 1038 640 en
1053 577 1247 656 particular
1261 596 1285 659 y
1299 579 1401 658 largo
1417 578 1591 658 deinque

358 702 464 766 passa
476 701 542 764 por
557 689 635 763 aea,
651 703 675 764 y
689 701 755 764 por
770 693 845 747 esto
859 683 903 747 he
918 684 1026 747 serito
1042 685 1075 747 lo
1091 683 1431 767 sobredich0.·Jest'1s
1445 703 1509 748 sea
1520 701 1590 748 eon

358 791 472 856 todos.

419 897 473 962 De
487 899 658 978 Boiogna,
679 897 755 961 1546
771 895 791 960 ¹.

419 1004 468 1070 Su
483 1006 628 1084 indigno
643 1003 714 1086 hijo
729 1015 763 1068 et
778 1005 895 1068 siervo
911 1023 954 1068 en
970 1009 1001 1069 ei
1016 1003 1130 1068 Seiior
1145 1005 1309 1084 Nuestr0,

538 1273 592 1355 Jo.
609 1271 823 1335 Hrnnonvno
838 1271 1250 1353 Donnnncn,presbyter
1266 1271 1457 1351 indrgnus.

419 1641 565 1706 Cuando
590 1642 743 1706 Maestro
767 1645 969 1707 Bortolome
991 1643 1108 1708 scrive
1130 1645 1164 1706 ia
1186 1653 1286 1707 carta
1308 1643 1493 1724 principat,
1515 1646 1586 1708 sia

360 1749 405 1812 V.
423 1748 465 1813 R.
483 1750 515 1813 le
528 1767 677 1831 patesce
697 1768 764 1830 que
778 1751 930 1831 siempre
949 1751 1097 1814 hiziesse
1118 1752 1250 1831 alguna
1269 1752 1428 1814 mention
1446 1751 1490 1814 de
1514 1768 1586 1814 ma·

362 1857 480 1920 donna
495 1855 660 1920 Violante
674 1876 699 1937 y
713 1856 757 1921 de
771 1856 815 1921 D.
831 1857 1036 1936 Francisco,
1052 1858 1175 1939 pienso
1190 1861 1283 1921 seria
1298 1859 1426 1921 bueno.

419 1963 598 2026 Madonna
613 1962 779 2027 Violante
794 1965 886 2028 tiene
900 1983 948 2028 un
963 1965 1144 2042 hermano,
1165 1967 1197 2028 ei
1213 1965 1294 2028 cual
1307 1984 1345 2027 se
1356 1965 1463 2028 liama
1485 1966 1517 2026 ei
1532 1983 1586 2027 ca-

359 2072 459 2134 valer
470 2071 591 2148 Casan
605 2089 644 2134 es
655 2088 725 2134 uno
738 2072 781 2135 de
790 2071 1051 2152 losquaranta'
1062 2091 1086 2152 y
1099 2089 1327 2152 personaque
1337 2071 1587 2151 muchopuede

360 2197 384 2258 y
400 2194 467 2258 que
481 2195 547 2240 nos
570 2178 662 2240 tiene
678 2195 748 2242 una
762 2181 1000 2258 grandissima
1016 2178 1194 2243 affection.
1212 2177 1256 2241 V.
1273 2177 1316 2241 R.
1333 2180 1367 2242 io
1383 2177 1508 2242 tendrti
1523 2195 1588 2260 por

361 2283 642 2362 encomendado‚
664 2302 798 2364 porque
817 2303 856 2349 es
874 2285 1004 2350 mucho
1028 2285 1246 2350 benemerito
1268 2294 1412 2350 nuestro
1438 2303 1463 2366 y
1481 2301 1586 2365 spero

362 2407 429 2470 que
443 2408 509 2453 nos
518 2389 566 2453 ha
587 2391 715 2454 mucho
730 2392 774 2455 de
794 2391 1034 2457 affavorescer
1054 2413 1078 2474 y
1093 2393 1233 2474 ayudar
1245 2409 1290 2456 en
1304 2402 1469 2456 nuestras
1484 2408 1587 2455 cosas

362 2513 463 2560 como
478 2496 629 2575 siempre
644 2496 739 2560 loha
754 2497 852 2562 echo.

638 2763 966 2844 Superscrzpt1o=³s
980 2763 1120 2829 Donnro
1135 2767 1279 2828 Icnnrro
1294 2764 1387 2830 Sonr.

422 3137 508 3200 Alia
521 3156 631 3202 manu
642 3157 655 3201 .·
670 3137 724 3202 De
740 3138 853 3218 Mgr0.
871 3139 1024 3220 Hierno,
1040 3140 1084 3203 de
1099 3141 1258 3219 Boionia,
1278 3139 1354 3202 1646
1368 3137 1391 3198 ³.

403 3411 412 3445 ¹
441 3411 492 3466 Sic,
501 3413 541 3458 die
553 3426 601 3459 non
613 3415 757 3470 designato.
769 3415 818 3459 Sed
829 3427 860 3458 ex
871 3423 993 3460 contextu
1003 3421 1077 3470 patet
1089 3415 1177 3460 eodem
1192 3426 1223 3458 ac
1238 3415 1422 3469 praecedentes
1436 3415 1540 3459 litteras
1550 3417 1588 3458 die

363 3483 455 3528 misene
464 3483 552 3529 iniere.

403 3552 415 3585 ¹
441 3554 570 3600 Bononiae
581 3568 728 3612 supremum
737 3559 854 3604 civitati·
865 3557 1000 3602 consilium
1014 3568 1058 3601 seu
1073 3561 1178 3601 senatos
1193 3557 1328 3601 dicebatur
1340 3558 1385 3600 der·
1399 3557 1590 3611 quadraginta.

364 3623 430 3667 Vide
441 3623 571 3678 Ponnnco,
581 3627 652 3672 Hr'st.
665 3628 720 3672 Soc.
730 3628 791 3683 Jes,
802 3634 822 3674 t.
834 3639 859 3682 ιι,
870 3639 930 3684 με.
938 3628 972 3672 68.

408 3695 420 3728 ³
447 3695 540 3740 Totam
550 3697 617 3741 itanc
628 3699 764 3752 epistolem
775 3700 843 3744 linea
854 3699 1031 3744 circumducta
1041 3698 1166 3742 conclusit
1176 3697 1303 3745 Poiencue
1318 3701 1345 3740 et
1359 3697 1386 3740 in
1399 3694 1518 3750 margine
1531 3697 1591 3740 orri-

363 3766 423 3820 peit:
433 3777 466 3810 en
475 3768 500 3810 el
507 3772 620 3820 sermm
627 3771 692 3823 qood
701 3769 829 3824 significet
839 3770 1062 3816 transcribendam
1072 3780 1088 3812 ι
1095 3768 1209 3813 librariis
1218 3768 1297 3812 tuisse
1307 3768 1333 3812 in
1343 3780 1375 3813 ea
1386 3767 1498 3821 Regem
1506 3773 1589 3818 ome,

364 3848 431 3891 quae
441 3849 491 3882 non
501 3840 617 3883 omnibus
627 3846 717 3894 patere
727 3842 846 3896 debebat,
856 3848 947 3897 utpote
956 3853 988 3886 eo
998 3842 1140 3894 continens,
1155 3851 1221 3894 quoe
1239 3840 1272 3884 ed
1283 3841 1439 3884 intimiorem
1449 3839 1479 3882 de
1490 3839 1591 3894 quibus·

364 3910 640 3954 dameociienotitiam
650 3914 811 3966 spectabant.
821 3911 887 3956 Dein
904 3913 1039 3967 sequentia
1049 3912 1101 3956 suis
1118 3911 1143 3956 in
1160 3911 1276 3966 margine
1293 3912 1356 3955 iocis
1373 3911 1490 3965 scripsit:
1506 3909 1539 3953 cie
1549 3910 1590 3953 be-

363 3981 465 4024 neditio
474 3998 501 4020 =
508 3981 541 4026 do
552 3992 617 4026 mro.
622 3982 725 4037 franco
731 3983 834 4037 paimto
841 4000 867 4022 =
875 3985 918 4028 dei
929 3984 1010 4037 tugar
1019 3984 1052 4028 de
1065 3987 1117 4026 sia.
1126 3983 1199 4026 lucia
1209 3999 1235 4020 =
1243 3982 1268 4026 ei
1278 3983 1350 4026 coilo
1361 3983 1395 4026 de
1403 3983 1497 4037 yona.
