3462 5534
164 1565 356 1640 Alpbonsus
370 1563 501 1637 Davlla,

198 1660 251 1721 Ex
264 1659 508 1719 commissione
522 1659 631 1720 Patris
645 1661 817 1720 Michaelis
831 1660 872 1720 de
886 1659 1021 1732 Torres,

234 1759 327 1818 Patri
340 1759 468 1834 ignatio
481 1759 522 1816 de
535 1759 676 1832 Loyola.

268 1855 485 1928 Salmantica,
499 1857 536 1914 30
550 1855 676 1930 Aprilis
691 1855 760 1915 1552
775 1857 794 1913 ¹.

689 2035 764 2153 riis

169 2277 271 2357 Quod
291 2295 330 2340 se
350 2276 465 2355 offert,
486 2276 689 2340 venerande
710 2275 830 2355 Pater,
852 2285 992 2357 praeter
1017 2293 1069 2354 ea,
1093 2293 1184 2356 quae
1209 2275 1338 2340 abhinc

111 2394 259 2464 quatuor
278 2383 456 2446 mensibus
475 2383 604 2446 missae
625 2384 763 2447 litterae
787 2383 1125 2463 complectebantur,
1152 2381 1251 2461 cujus
1274 2383 1336 2446 Pa·

112 2492 310 2554 ternitatem
335 2499 432 2553 tuam
458 2490 645 2552 certiorem
667 2489 785 2553 facere
811 2490 950 2568 deceat,
978 2489 1013 2552 id
1038 2491 1094 2552 vel
1122 2490 1278 2552 maxime
1303 2489 1339 2551 in

111 2598 309 2677 praesentia
325 2607 390 2676 est,
406 2595 521 2661 Deum
533 2607 704 2676 nostrum,
718 2596 809 2660 sicut
820 2596 1145 2675 indulgentissimus
1158 2605 1211 2659 est
1223 2604 1336 2676 pater,

111 2704 157 2766 ita
170 2722 189 2768 e
204 2703 423 2783 benignitate
438 2719 502 2766 sua
517 2703 838 2784 frequentissimam
853 2714 888 2766 et
902 2703 1118 2766 uberrimam
1137 2703 1224 2766 satis
1239 2719 1336 2766 exer·

110 2811 315 2874 citationum
328 2809 467 2890 copiam
483 2808 584 2872 nobis
598 2810 769 2890 praebere
783 2819 890 2890 atque
904 2809 1189 2872 subministrare:
1211 2809 1247 2871 in
1267 2807 1340 2887 qui·

112 2918 173 2981 bus
193 2918 270 2980 sine
293 2915 553 2979 intermissione
573 2917 663 2995 ulla,
686 2915 759 2995 ejus
778 2913 950 2994 adjutrice
971 2926 1005 2979 et
1025 2915 1338 2994 largientemanu,
1396 2905 1397 2914 ’

110 3041 295 3088 versamur
321 3040 612 3103 exercemurque,
645 3023 741 3086 haud
772 3024 847 3086 sine
876 3040 1007 3102 magua
1038 3023 1180 3103 quidem
1209 3021 1341 3085 Christi

110 3131 263 3195 fidelium
278 3139 313 3193 et
327 3129 476 3193 utilitate
491 3139 524 3192 et
540 3129 714 3212 spirituali
728 3127 982 3193 aedificatione.
1004 3128 1222 3193 Confitentur
1245 3127 1338 3191 enim

112 3239 195 3302 etin
211 3238 304 3301 illius
320 3237 528 3315 angelorum
546 3238 648 3317 panis
663 3237 835 3300 fractione
855 3245 983 3300 octavo
1002 3253 1141 3318 quoque
1161 3235 1217 3298 die
1238 3235 1341 3315 pleri·

112 3361 179 3425 que
193 3342 401 3406 scholastici
416 3343 599 3406 nobiscum
614 3344 890 3407 communicant:
908 3360 1057 3424 quorum
1071 3358 1256 3420 numeruS,
1274 3341 1340 3404 etsi

111 3449 453 3533 quinquagenarium
482 3467 553 3512 non
583 3450 749 3529 excedat,
778 3448 890 3529 major
919 3459 1037 3512 tamen
1067 3449 1194 3530 quippe
1223 3457 1276 3511 est
1305 3457 1339 3511 et

110 3557 284 3638 grandior
305 3572 411 3635 quam
429 3557 664 3637 quorumdam
688 3557 863 3635 malignus
885 3565 920 3618 et
939 3555 1155 3618 christianae
1180 3553 1341 3618 felicitati

112 3665 294 3745 religionis
313 3663 455 3729 invidus
479 3673 688 3727 eventurum
712 3662 815 3726 nobis
840 3662 1090 3742 praesagiebat
1112 3661 1261 3726 animus.
1290 3661 1342 3724 Eo

111 3772 324 3852 praesertim
348 3771 440 3853 quod
465 3788 588 3834 eorum
611 3770 722 3848 multi,
739 3786 810 3832 non
832 3786 877 3831 ex
898 3767 1017 3832 infima
1042 3769 1142 3848 plebe
1163 3768 1225 3831 sed
1250 3769 1341 3831 inter

112 3889 273 3943 caeteros
288 3877 392 3959 hujus
406 3876 674 3954 Universitatis,
690 3884 765 3939 tum
779 3875 921 3955 generis
936 3875 1118 3938 nobilitate
1140 3875 1338 3952 clarissimi,

112 3997 187 4050 tum
202 3985 345 4066 ingenio
360 3982 673 4065 praestantissimi,
696 3990 981 4044 annumerentur.
1006 3979 1079 4044 Nec
1099 3980 1226 4044 desunt
1247 3979 1340 4056 huic,

155 4192 164 4224 ¹
193 4187 383 4244 Autographee
400 4187 505 4231 litterae
523 4192 581 4230 sunt
598 4186 623 4230 ln
639 4185 699 4230 iollo
717 4181 812 4239 duplici
828 4195 871 4228 nn.
890 4184 928 4228 teo
945 4189 971 4228 et
988 4183 1111 4228 l8l.-Est
1128 4191 1155 4228 et
1173 4195 1263 4228 earnm
1278 4185 1343 4228 satis

116 4262 314 4306 emendaturum
325 4265 351 4301 ct
367 4259 561 4302 decurtatamm
572 4256 750 4312 apographum
760 4256 786 4299 in
796 4256 840 4300 fol.
854 4256 881 4298 88
892 4255 953 4299 Cod.
966 4255 1104 4300 libi-Nos
1115 4257 1156 4300 hlc
1166 4256 1344 4312 autographas

117 4331 323 4376 transcribimus.
332 4329 361 4373 ln
372 4330 415 4384 ils,
427 4336 454 4372 ut
467 4321 563 4383 legenti
575 4328 650 4372 facile
661 4333 743 4382 patet,
756 4327 885 4371 iterantur
900 4328 994 4381 multa,
1010 4339 1076 4382 quae
1095 4325 1121 4370 in
1138 4327 1248 4379 litteris,
1257 4327 1346 4370 eodem

113 4407 153 4448 die
164 4411 190 4448 et
202 4403 346 4454 locodntis,
360 4413 424 4456 quas
433 4402 512 4445 habes
527 4401 568 4444 hic
577 4402 623 4443 sub
639 4411 664 4443 n.
681 4399 822 4448 CXXXIX.
838 4397 969 4453 hispanice
987 4399 1123 4442 enarravit
1133 4398 1347 4446 Bartholomaeus

116 4473 354 4520 Hernandez.-ch
365 4473 512 4527 Alphonsus
523 4471 632 4526 Daulia,
647 4483 693 4516 seu
702 4472 788 4526 potius
799 4471 831 4513 de
844 4471 937 4521 Avila,
945 4473 1023 4524 paulo
1033 4477 1179 4524 postquam
1190 4469 1347 4514 Societatem

115 4549 244 4602 ingressus
254 4553 302 4598 cst,
314 4555 404 4588 nomen
415 4543 527 4588 mutavit
538 4549 563 4588 et
573 4543 663 4587 vocari
675 4541 760 4596 coepit
770 4541 903 4585 Basilius.
917 4541 981 4595 Ejus
990 4547 1066 4595 gesta
1074 4541 1132 4584 vide
1147 4541 1172 4585 in
1183 4541 1305 4585 Historia
1314 4542 1347 4584 de

114 4620 140 4662 ia
150 4617 304 4662 Asisiencia
316 4617 348 4659 de
359 4615 469 4670 Espaaa
480 4617 559 4668 (mss.)
569 4625 616 4669 por
627 4615 651 4657 ol
667 4614 693 4658 P.
704 4613 731 4657 P.
742 4624 775 4656 pa
786 4613 978 4664 Κινιοιιιιιιιιι,
989 4614 1006 4656 l.
1016 4624 1043 4666 u,
1052 4624 1108 4667 cap.
1122 4613 1143 4668 9,
1154 4619 1180 4656 ει
1190 4612 1215 4656 iu
1224 4611 1347 4656 Historia

116 4693 146 4734 de
156 4692 183 4734 ia
195 4689 343 4733 Provincia
354 4687 386 4730 de
397 4685 557 4738 Andolueia,
567 4685 714 4730 auctoribus
730 4683 848 4730 Μιιιιιιιο
863 4695 897 4727 ns
912 4683 969 4727 Roa
984 4690 1010 4728 et
1025 4683 1125 4736 jomus
1140 4682 1313 4734 staminea.
1324 4690 1349 4727 et

117 4763 138 4807 in
150 4773 227 4819 opere
245 4759 365 4804 Varones
374 4759 484 4802 iiusires
495 4759 528 4801 (ιε
538 4757 565 4800 ia
576 4756 721 4810 Campania
732 4756 765 4800 de
774 4755 865 4810 Jesus,
875 4761 893 4798 t.
905 4766 940 4808 tx,
952 4765 1010 4810 pag.
1021 4755 1071 4798 'let
1081 4765 1134 4810 seq.
