935 1458
361 173 391 187 Ax.
404 173 437 186 1552
680 173 707 187 :373

93 209 137 229 apud
145 211 217 224 exteras
225 209 313 228 nationes,
322 209 365 228 cibi,
374 209 446 228 quinon
454 209 508 228 perit,
519 213 557 224 sese
566 208 669 224 defraudent
676 209 706 225 ali-

93 236 156 251 monia.
165 236 210 251 Cum
217 236 263 251 enirn
272 236 299 251 his
308 236 383 251 maxime
391 235 519 255 posterioribus
527 236 577 251 annis
585 236 663 251 destituti
671 236 705 251 fue-

92 263 126 277 rint
138 263 216 277 subsidio
229 263 349 281 sacerdotum,
361 267 435 281 quorum
446 262 517 281 quidem
530 262 608 281 linguam
622 262 705 281 intellige-

91 290 135 308 rent,
147 288 199 304 facile
212 288 286 308 quisque
298 288 345 308 apud
359 292 378 303 se
391 288 458 308 colligit
470 292 523 308 quam
535 288 599 308 gravia
612 288 706 304 inciderint

90 319 133 330 suae
141 315 204 330 salutis
211 314 308 334 dispendia.
316 314 365 330 Haec
371 319 419 333 sane,
428 319 474 335 quae
480 314 505 330 ita
511 314 609 334 referimus,
616 314 705 334 haudqua-

90 346 144 361 quam
151 346 173 357 eo
180 341 268 361 pertinent
276 343 294 357 ut
302 341 402 361 proximum
413 343 494 357 nostrum
504 341 598 361 supercilio
605 341 706 361 pharisaico

90 368 212 384 traducamus.
220 367 254 384 Sed
263 370 283 384 ut
290 372 378 384 summum
385 367 419 384 Dei
429 368 540 384 clementiam
551 368 671 384 venerabundi
678 372 705 384 su«

90 395 193 415 spiciamus,
200 394 272 415 ejusque
279 395 355 414 gloriam
360 399 393 415 pro
399 397 459 410 nostro
466 395 536 410 modulo
543 394 675 415 amplificemus.

120 421 165 438 Cum
176 422 235 442 itaque
245 421 291 437 Rflm
300 421 319 437 P<
330 423 391 437 noster
400 421 422 437 D.
431 421 516 437 Claudius
525 421 581 442 Jayus
591 426 627 437 non
637 422 706 442 ignora>

90 451 117 464 ret
125 453 162 464 non
169 448 253 468 exiguam
260 448 344 464 Italorum
351 448 460 468 aliorumque
466 451 567 464 exterorum
573 448 664 464 hominum
671 451 706 464 tur-

88 475 131 491 bam
141 475 159 491 in
171 475 204 491 hac
215 475 259 491 urbe
270 474 341 495 ejusque
352 475 433 490 districtu
444 475 558 494 commorari,
571 479 646 495 quorum
653 475 707 491 saluti

89 506 126 517 non
134 502 159 517 ita
166 501 228 517 fuisset
236 502 312 517 antehae
319 503 443 522 prospectum,
455 502 546 517 constituit
557 504 575 517 ut
583 501 634 517 statis
644 502 706 517 diebus

89 528 213 544 hebdomadae
221 528 287 548 aliquot
300 533 323 544 ex
330 528 415 544 fratribus
427 528 506 544 officinas
519 530 536 544 et
548 532 569 544 ea
582 528 629 547 loca,
642 528 706 548 quibus

88 555 153 571 diurno
165 554 263 574 fatigantur
273 555 339 574 labore,
353 555 524 574 circumlustrarent,
535 559 556 570 ac
567 555 634 570 monita
644 555 707 571 salutis

88 582 159 601 durent,
168 583 185 597 et
193 581 310 597 confessionis
318 581 412 597 utilitatem
422 581 456 597 illis
465 581 517 597 unice
524 581 674 597 commendarent.
683 581 707 597 At

88 612 125 628 quo
133 608 203 624 facilius
213 608 257 624 haec
265 608 344 624 desolata
355 608 456 628 pastoribus
466 608 556 628 plebecula
564 608 676 624 induceretur
684 608 706 624 ad

88 634 219 655 capessendam
229 634 291 650 salutis
298 635 406 654 doctrinam,
414 639 460 655 quae
472 634 496 650 illi
507 634 580 650 subinde
590 634 707 651 familiaribus

89 661 205 681 ingerebatur
212 661 313 681 colloquiis,
324 661 399 677 invitata
409 663 435 677 est
445 665 514 681 quoque
522 661 545 677 ud
552 661 655 677 concionem
663 661 706 677 itali-

89 692 136 707 cam:
143 692 166 704 ex
173 692 209 708 qua
214 688 274 708 plures
280 688 334 704 etiam
340 688 418 708 apertius
424 688 512 704 discerent
520 690 586 708 quanta
594 688 652 708 gratia
658 688 708 704 Deus

90 715 174 735 Optimus
184 714 272 731 Maximus
280 719 312 730 eos
321 714 430 734 dignaretur,
439 715 470 735 qui
477 715 577 731 animarum
584 715 628 735 ipsis
636 715 707 731 offerret

89 742 176 761 medicos,
185 746 195 757 a
206 741 269 761 quibus
276 741 367 761 percipere
377 742 457 757 valerent
465 745 618 758 sacramentorum
629 742 707 758 remedia

89 769 162 788 aliaque
176 768 293 788 spiritualium
307 768 433 784 beneficiorum
446 768 517 788 solatia,
530 768 584 784 etiam
596 768 642 784 citra
654 768 707 784 ullius

90 795 194 816 temporalis
202 795 288 811 mercedis
296 795 409 811 refusionem.

120 822 188 842 Magna
195 826 238 837 sane
245 821 337 837 hominum
347 821 440 837 multitudo
450 821 485 837 huc
492 821 596 838 adventavit
606 822 624 837 in
632 822 706 842 quadra-

89 849 160 868 gesima
167 851 186 864 ut
194 853 204 864 a
212 848 263 864 nobis
270 848 389 868 poenitentiae
396 851 413 864 et
423 852 486 864 sacrae
493 848 621 864 communionis
629 849 706 869 percipe>

90 878 117 891 ret
127 877 265 891 sacramentum.
276 875 321 891 Nam
332 877 402 895 praeter
412 879 443 891 eos
452 875 544 891 manuales
553 875 651 895 operarios,
663 879 707 895 quos

91 902 167 918 fratrum
172 904 274 917 nostrorum
281 901 381 922 diligentia,
390 904 409 918 ut
418 901 454 921 jam
464 902 539 922 dictum,
547 902 570 918 ad
578 902 673 918 conciones
680 906 707 918 sa-

91 933 133 945 cras
144 931 251 948 attraxerat,
264 928 331 948 pariter
340 928 363 945 acl
373 933 406 944 nos
418 929 521 945 convolavit
533 928 596 949 ingens
606 931 679 944 caterva
690 931 707 944 et

91 956 167 971 militum
179 958 197 971 et
212 959 273 971 eorum
288 955 317 975 qui
332 957 430 975 sequuntur
444 955 503 971 cui-ias
517 955 618 975 Principum
633 955 706 971 istorum

91 982 222 1001 Austricorum;
231 984 248 998 et
255 982 273 997 hi
280 982 317 998 fere
325 982 390 1002 partim
398 982 474 1002 hispani,
482 982 546 1002 partim
552 982 595 1002 galli
601 984 657 1002 erant;
666 986 707 1002 quo-

91 1014 131 1025 rum
139 1009 195 1028 multi,
203 1009 269 1024 diutius
276 1009 309 1024 has
316 1009 422 1028 peregrinas
428 1009 512 1029 regiones
517 1009 616 1029 pervagati,
624 1008 660 1029 jam
666 1013 707 1024 con>

91 1036 134 1052 sessi
141 1040 177 1052 non
187 1035 257 1051 fuerant
266 1040 298 1056 per
307 1035 374 1056 aliquot
383 1040 445 1055 annos.
456 1035 551 1051 Praeterea
559 1040 581 1051 ex
588 1035 645 1055 fama,
654 1040 707 1055 quam

91 1063 135 1079 dicti
143 1062 188 1082 itali,
196 1062 331 1078 admonentibus
338 1062 430 1082 fratribus,
441 1062 463 1078 de
473 1062 547 1082 collegio
557 1062 651 1078 Societatis
658 1066 706 1082 spar-

91 1091 159 1108 serant,
170 1089 270 1109 complures
277 1093 300 1105 ως
309 1089 385 1105 diversis
396 1093 418 1105 ac
425 1089 526 1109 longinquis
535 1089 589 1105 etiam
599 1089 707 1109 civitatibus,

92 1117 126 1132 huc
140 1116 188 1132 circa
201 1115 264 1132 festum
276 1115 357 1132 Paschae
371 1120 422 1132 sacra
437 1120 507 1136 quoque
521 1116 620 1132 animarum
636 1120 708 1132 suarum

92 1143 173 1159 antidota
185 1143 273 1163 recepturi
282 1145 409 1159 convenerunt.
423 1143 492 1159 Horum
504 1143 582 1159 omnium
595 1143 709 1159 conscientiis

93 1174 133 1189 nos,
145 1172 221 1190 quatuor
235 1172 307 1185 nostrae
321 1169 400 1186 familiae
412 1170 524 1189 sacerdotes,
537 1170 598 1186 divina
611 1170 708 1190 opitulante

92 1196 157 1216 uratia,
169 1200 220 1216 opem
231 1196 277 1212 serre
289 1196 396 1216 studuimus,
408 1199 445 1212 tam
454 1196 473 1213 in
485 1196 638 1213 administratione
649 1201 708 1212 sacra-

94 1223 147 1239 menti
155 1223 282 1243 poenitentiae,
290 1227 344 1243 quam
351 1223 404 1240 etiam
412 1224 493 1243 corporis
503 1223 591 1239 dominici.
602 1223 647 1239 Cum
655 1223 708 1243 enim,
