3400 5524
403 561 458 621 220
789 559 961 620 Ltrrnnaa
978 576 1249 628 ounnnruasrnns

464 703 668 768 Custoditur
683 703 840 783 (juvante
858 702 1025 779 Domino)
1048 705 1188 785 integra
1205 705 1290 770 unio
1309 715 1345 770 et
1364 704 1523 768 charitas
1542 705 1619 767 inter

403 829 482 890 nos,
494 811 587 874 unde
598 812 712 874 bouus
724 810 811 874 odor
823 810 869 874 ad
875 811 1059 891 proximos
1067 821 1222 892 emanat;
1236 820 1271 875 et
1279 813 1455 876 mirantur
1465 813 1617 892 plerique.

404 919 559 982 maxime
574 917 760 997 Religiosi,
772 934 842 996 quo
856 928 978 998 pacto,
993 919 1084 982 inter
1094 926 1146 982 tot
1161 919 1374 984 domesticos
1388 935 1519 999 eosque
1532 919 1617 981 novi·

404 1025 487 1104 tioS,
503 1033 604 1088 tauta
617 1041 690 1104 pax
703 1033 738 1087 et
757 1024 926 1087 alacritas
940 1033 1182 1089 conservetur.
1199 1023 1276 1090 Deo
1292 1025 1446 1106 gratias,
1468 1033 1549 1104 etc,
1570 1026 1618 1104 qui

404 1132 562 1195 omnium
575 1131 749 1194 bonorum
763 1141 817 1194 est
831 1140 966 1194 auctor.

466 1238 602 1302 Domus
612 1238 842 1318 probationis
857 1237 894 1301 in
908 1254 1015 1317 quam
1025 1239 1201 1302 noluimus
1212 1239 1383 1303 hactenus
1394 1240 1513 1320 plures
1527 1256 1620 1319 quam

405 1345 592 1409 duodecim
603 1343 752 1423 juvenes
766 1345 939 1425 recipere,
962 1345 1092 1425 partim
1111 1345 1262 1425 nobiles,
1283 1346 1413 1428 partim
1434 1347 1620 1426 populares,

404 1451 471 1515 Dei
483 1451 653 1516 beneficio
667 1468 805 1531 semper
816 1450 957 1532 proficit
971 1452 1007 1514 in
1017 1451 1154 1532 melius;
1167 1452 1333 1518 videntur
1345 1469 1424 1516 esse
1435 1460 1489 1516 tot
1504 1453 1619 1532 angeli.

405 1559 462 1624 Ex
475 1559 649 1623 nobilibus
665 1559 733 1622 duo
746 1569 828 1622 sunt
843 1567 904 1622 aut
916 1567 989 1623 tres
1004 1559 1047 1623 de
1062 1559 1196 1623 familia
1209 1559 1406 1640 primorum
1420 1561 1578 1636 civitatis,
1594 1569 1622 1620 et

403 1683 496 1729 unus
511 1667 798 1747 consanguineus
813 1666 959 1730 Comitis
974 1665 1018 1730 de
1031 1665 1150 1747 Luna,
1165 1667 1203 1730 in
1217 1667 1286 1731 hoc
1299 1683 1412 1747 regno
1427 1667 1531 1730 valde
1551 1668 1622 1729 emi·

403 1773 520 1837 nentis
534 1780 569 1836 et
583 1772 814 1853 gubernantis
833 1773 1015 1838 civitatem
1030 1771 1051 1836 ¹.
1072 1770 1161 1837 Sunt
1179 1772 1354 1852 ingeniosi
1373 1790 1507 1853 omnes,
1523 1781 1555 1835 et
1568 1791 1623 1834 sen

404 1879 441 1944 in
455 1880 581 1943 litteris
600 1879 867 1943 humanioribus
885 1897 958 1943 non
979 1880 1203 1944 mediocriter
1221 1881 1394 1960 provecti.
1417 1879 1622 1944 Exercentur

405 1987 526 2050 diebus
550 1987 698 2066 siugulis
713 1987 750 2050 in
764 1986 961 2051 scribendis
976 1987 1084 2050 latine
1098 1995 1133 2050 et
1147 2003 1277 2066 graece
1291 1987 1512 2050 orationibus
1528 2003 1623 2067 prosa

405 2103 440 2156 et
454 2093 628 2157 versibus.
645 2092 963 2157 praetermittimus
976 2092 1162 2157 brevitatis
1178 2109 1287 2157 causa
1309 2093 1486 2172 ordinem,
1509 2111 1572 2175 quo
1593 2094 1621 2154 in

405 2200 531 2263 studiis
544 2199 725 2263 litterariis
740 2208 775 2263 et
789 2199 1031 2280 spiritualibus
1041 2199 1254 2278 diriguntur.
1267 2198 1336 2263 Per
1347 2200 1437 2262 alias
1449 2201 1579 2263 litteras
1592 2198 1622 2259 id

404 2306 603 2386 exprimere
623 2305 742 2368 licebit
760 2314 795 2368 et
813 2304 924 2369 ferme
944 2306 1062 2369 omnia
1081 2306 1118 2369 iu
1139 2305 1299 2387 scriptis,
1321 2306 1422 2370 brevi
1441 2305 1620 2381 mittenda,

403 2413 513 2492 ipsius
539 2413 664 2474 domus
688 2412 995 2475 constitutionibus
1018 2413 1199 2493 patebunt.
1220 2413 1299 2476 Hoc
1323 2415 1437 2478 solum
1458 2414 1569 2477 dicam
1592 2413 1622 2474 in

403 2535 552 2596 summa,
574 2519 759 2581 materiam
777 2534 856 2581 esse
870 2519 1000 2582 bonam
1018 2519 1123 2583 valde
1144 2527 1179 2583 et
1200 2520 1246 2584 ad
1268 2521 1466 2601 spiritualia
1486 2537 1620 2601 propen-

404 2641 498 2702 sam;
515 2641 595 2687 curn
608 2641 740 2703 magna
756 2624 928 2687 modestia
952 2643 995 2688 ac
1013 2625 1150 2688 solicite
1169 2627 1366 2690 curandum
1386 2637 1440 2692 est
1459 2637 1498 2691 ut
1518 2625 1621 2707 prohi-

403 2730 468 2794 biti
483 2749 504 2794 a
518 2730 667 2810 flagellis
681 2740 716 2795 et
728 2731 852 2794 ciliciis
864 2731 1074 2812 abstineant,
1088 2748 1167 2798 cum
1181 2733 1252 2796 sint
1266 2733 1312 2797 ad
1323 2733 1523 2815 hujusmodi
1533 2749 1620 2795 exer-

404 2837 486 2901 citia
501 2837 694 2917 procliveS,
713 2847 746 2900 et
757 2837 942 2919 impositas
954 2839 1020 2902 sibi
1031 2839 1266 2919 poenitentias
1277 2840 1389 2903 alacri
1403 2841 1520 2903 animo
1530 2838 1618 2920 perfi-

403 2945 510 3008 ciunt.
523 2943 684 3025 Denique
698 2961 743 3008 ex
758 2943 813 3007 his
828 2944 931 3008 novis
943 2945 1075 3026 plantis
1085 2945 1221 3009 fructus
1232 2955 1396 3027 speratur
1408 2947 1568 3028 copiosus
1583 2945 1620 3008 ad

402 3050 470 3114 Dei
480 3051 644 3130 gloriam.

462 3156 562 3220 Unus
577 3157 713 3220 existis
733 3154 938 3236 juvenibus,
962 3175 1093 3237 genere
1112 3159 1286 3239 imprimis
1303 3159 1448 3240 nobilis,
1470 3168 1621 3238 receptus

402 3272 456 3328 est
469 3263 507 3328 in
520 3264 664 3327 domum
678 3280 797 3327 mense
810 3265 982 3345 superiori
994 3281 1075 3329 cum
1086 3267 1196 3329 multa
1207 3266 1364 3329 omnium
1374 3264 1619 3329 aedificatione.

402 3370 583 3436 Statuerat
593 3370 725 3435 dudum
735 3369 904 3434 Societati
918 3389 957 3434 se
968 3371 1099 3448 dicare;
1115 3382 1318 3436 nontamen
1327 3372 1575 3436 admittebatur
1586 3388 1621 3432 eo

400 3478 494 3559 quod
508 3477 728 3558 probationis
744 3476 869 3541 domus
883 3477 1039 3542 nondum
1054 3487 1154 3559 septa
1168 3488 1272 3560 esset,
1289 3487 1325 3542 et
1340 3479 1423 3560 quia
1434 3481 1621 3542 consultum

399 3585 587 3648 ridebatur
602 3585 637 3647 in
653 3584 708 3647 his
723 3584 906 3664 principiis
920 3586 1054 3648 nullum
1070 3585 1331 3649 adolescentem
1354 3586 1487 3666 absque
1507 3603 1621 3666 paren-

402 3699 477 3755 tum
492 3707 669 3755 consensu
688 3691 856 3774 recipere.
877 3690 938 3754 Ille
960 3693 1094 3755 interea
1115 3690 1341 3755 devotionem
1359 3708 1460 3756 suam
1480 3702 1514 3756 et
1531 3707 1621 3772 spem

402 3797 567 3861 continue
578 3797 719 3860 fovebat
732 3808 767 3861 et
778 3815 798 3860 a
811 3798 1096 3877 consanguineis
1110 3797 1253 3861 omniuo
1264 3799 1543 3879 repugnantibus
1555 3799 1622 3860 eius

401 3904 575 3981 instituto,
591 3905 702 3966 multa
713 3921 901 3984 perpessus
913 3915 976 3982 est,
991 3903 1122 3984 partim
1136 3902 1274 3983 injuriis
1289 3914 1323 3968 et
1337 3905 1508 3968 molestiis
1520 3906 1619 3968 laces·

403 4009 503 4085 situs
513 4009 644 4089 partim
655 4010 793 4074 blandis
804 4010 1097 4091 promissionibus
1108 4012 1266 4087 allectus,
1275 4019 1314 4074 ut
1325 4011 1551 4091 matrimonii,
1560 4019 1619 4072 etc.

401 4117 481 4196 Ipse
495 4124 614 4180 tamen
628 4116 744 4196 magis
758 4117 795 4179 in
810 4117 885 4180 dies
896 4118 1116 4198 propositum
1130 4135 1234 4181 suurn
1245 4117 1490 4197 confirmabat,
1502 4127 1536 4182 et
1548 4133 1623 4197 quo·

403 4222 485 4286 dam
506 4222 562 4285 die
584 4222 629 4285 ad
654 4239 721 4285 nos
740 4222 964 4304 coniugum,
987 4233 1110 4303 aperta
1126 4222 1247 4304 janua,
1265 4243 1310 4288 ex
1325 4225 1517 4305 improviso
1536 4241 1573 4287 se
1591 4223 1621 4283 in

402 4329 546 4392 domum
559 4329 781 4408 probationis
795 4328 961 4410 conjecit,
979 4330 1159 4412 praefecto
1174 4329 1250 4410 ejus
1263 4341 1467 4411 protestans
1480 4331 1555 4394 fore
1578 4337 1620 4396 ut.

402 4435 433 4500 si
446 4452 485 4498 se
500 4437 701 4515 expelleret,
715 4437 759 4499 de
774 4437 892 4500 anima
908 4454 972 4501 sua
986 4446 1162 4518 repeteret
1177 4438 1221 4501 ab
1238 4456 1279 4501 eo
1293 4436 1391 4502 Deus
1406 4439 1578 4502 rationem
1593 4437 1623 4498 in

443 4779 451 4812 ¹
480 4780 611 4825 Asdrubal
621 4781 652 4825 de
663 4779 744 4834 Luna,
757 4782 787 4824 de
798 4791 847 4836 quo
858 4782 916 4825 vide
928 4782 1023 4826 Curias
1032 4783 1065 4826 de
1077 4782 1131 4826 San
1142 4782 1264 4837 Ignauia,
1275 4790 1294 4828 t.
1305 4796 1330 4836 v,
1343 4796 1402 4840 pag.
1413 4787 1441 4828 ol
1452 4793 1477 4830 et
1487 4785 1522 4830 65.
