3400 5532
352 554 407 612 314
739 553 911 614 Lrsrsnan
930 572 1200 623 Quannrnnsrass

356 696 514 758 discendi
534 699 711 760 curriculo
731 707 813 761 sunt
832 700 1012 779 progressi
1030 697 1039 730 ¹
1060 701 1235 780 nonnulli,
1257 711 1295 764 ut
1317 701 1432 780 magis
1452 719 1490 763 se
1512 711 1587 764 tam

353 803 483 883 exiguo
498 803 683 884 tempore'
703 807 798 884 apud
818 816 960 869 nostros
983 824 1089 888 quam
1108 807 1202 888 apud
1223 808 1379 889 reliquos
1399 808 1585 886 ludimagi-

353 919 448 972 stros
462 911 568 989 longo
584 927 758 976 annorum
773 913 924 977 decursu
940 915 1160 993 promovisse
1177 913 1407 995 profiteantur
1423 913 1445 972 ⁵.
1462 914 1586 995 Neque

352 1033 438 1079 vero
453 1017 490 1079 in
504 1017 572 1080 hoc
587 1025 724 1081 tantum
739 1029 1010 1100 praeceptorum
1021 1037 1106 1083 cura
1120 1021 1280 1102 ratioque
1296 1021 1530 1101 consumitur,
1548 1033 1584 1084 ut

353 1122 604 1204 discipulorum
623 1124 775 1188 eruditio
800 1143 1018 1189 summorum
1041 1129 1230 1191 authorum
1250 1130 1476 1191 enarratione
1497 1126 1585 1190 ‘au-

352 1240 489 1309 geatur,
500 1231 726 1312 quotidieque
740 1233 854 1313 magis
866 1249 908 1296 ac
920 1233 1035 1313 magis
1043 1234 1175 1314 aliquid
1187 1235 1222 1297 in
1229 1235 1354 1297 litteris
1366 1236 1587 1298 accessionis

354 1336 429 1411 fiat;
447 1355 572 1401 verum
589 1357 631 1402 eo
647 1340 759 1402 aciem
775 1340 997 1419 ingeniorum
1013 1358 1159 1404 suorum
1180 1341 1374 1420 intendunt,
1396 1353 1432 1404 ut
1453 1339 1464 1371 ⁵
1483 1343 1584 1404 scho-

353 1445 468 1506 lastici
487 1445 662 1524 universi,
683 1464 754 1508 non
773 1447 889 1510 minus
911 1465 1048 1510 morum
1070 1449 1274 1526 integritate
1298 1465 1403 1528 quarn
1426 1449 1586 1511 honestis

353 1551 547 1632 disciplinis
562 1553 798 1616 commendati
813 1554 1018 1630 enitescant;
1043 1572 1115 1616 non
1134 1555 1250 1634 magis
1264 1553 1276 1584 ⁸
1292 1556 1461 1618 scientiae
1477 1573 1582 1635 quam

353 1659 609 1722 sanctimoniae
628 1661 719 1722 ratio
741 1659 924 1737 habeatur,
948 1661 1089 1740 quando
1111 1661 1265 1724 maxima
1289 1680 1372 1742 pars
1392 1661 1583 1732 felicitatis,

350 1765 407 1826 vel
421 1773 495 1828 tota
509 1766 626 1845 potius
641 1765 803 1844 felicitas
819 1783 891 1828 non
906 1765 942 1829 in
956 1783 1075 1828 rerum
1090 1767 1290 1844 cognitione
1306 1768 1367 1829 sed
1384 1767 1418 1830 in
1437 1769 1581 1830 virtutis

353 1871 491 1934 actione
507 1873 678 1935 consistit.

412 1978 532 2059 Itaque
545 1997 617 2041 non
631 1980 730 2059 prius
747 1979 868 2042 diebus
884 1980 1032 2059 singulis
1053 1980 1098 2042 ad
1121 1980 1315 2044 audiendas
1335 1982 1506 2044 lectiones
1526 1999 1581 2044 ac·

352 2084 482 2147 cedunt
496 2085 580 2166 quin
596 2094 721 2148 sancto
744 2086 796 2148 rei
819 2086 961 2149 divinae
983 2096 1206 2148 sacramento
1229 2087 1401 2149 intersint.
1424 2085 1581 2150 Domini-

351 2191 403 2253 cis
418 2200 604 2271 praeterea
618 2192 741 2254 diebus
757 2193 946 2255 conciones
961 2192 1101 2270 audire,
1117 2202 1163 2270 et,
1186 2191 1354 2272 cujusque
1369 2195 1501 2256 mensis
1517 2194 1581 2256 ini·

351 2298 412 2374 tiu,
429 2307 657 2376 peccatorum
673 2315 816 2361 suorum
838 2298 1096 2362 confessionem
1116 2298 1254 2378 facere,
1278 2303 1429 2380 vulgare
1444 2311 1498 2363 est
1513 2302 1581 2363 illis

354 2412 388 2466 et
402 2403 582 2482 usitatum;
599 2404 690 2466 adde
705 2406 811 2468 etiam
826 2405 1013 2468 familiaria
1030 2423 1109 2468 cum
1127 2405 1310 2485 discipulis
1326 2408 1520 2485 colloquia,
1537 2425 1581 2470 ex

351 2509 476 2590 quibus
490 2511 619 2573 mirum
636 2512 673 2574 in
686 2512 830 2574 modum
845 2512 1086 2575 adolescentes
1106 2513 1151 2575 ad
1171 2512 1330 2576 divinum
1352 2531 1511 2577 amorem
1532 2516 1580 2576 in·

351 2616 587 2694 flammantur,
603 2627 637 2680 et
653 2619 822 2681 coelestis
837 2619 930 2698 ignis
946 2619 1110 2682 ardorem
1125 2620 1338 2700 concipiunt.
1355 2619 1458 2684 Adde
1473 2621 1582 2684 etiam

348 2723 608 2786 admonitiones
623 2733 658 2786 et
672 2725 864 2788 verborum
882 2725 1118 2805 spiritualium
1140 2727 1175 2788 in
1197 2727 1405 2789 lectionibus
1429 2728 1582 2806 singulis

350 2828 669 2910 interpositionem;
690 2847 774 2893 nam
794 2832 825 2894 si
846 2831 924 2913 quis
944 2832 1047 2894 datur
1069 2834 1180 2910 locus,
1205 2833 1234 2895 si
1250 2850 1339 2912 quae
1356 2834 1448 2896 inter
1463 2835 1581 2912 legen·

349 2935 433 2998 dum
448 2935 594 2999 offertur
608 2938 764 3016 occasio,
785 2945 824 2999 ut
838 2937 970 3017 aliquid
984 2939 1027 3001 de
1043 2937 1165 3000 mundi
1180 2949 1398 3020 contemptu,
1416 2940 1460 3002 de
1483 2941 1581 3004 vitae

349 3043 593 3108 emendatione
608 3044 850 3122 interseratur,
868 3045 1016 3107 libenter
1031 3044 1265 3124 interjiciunt,
1279 3055 1312 3108 et
1328 3047 1363 3109 in
1378 3047 1479 3122 haec,
1494 3055 1581 3109 tam·

349 3167 455 3230 quam
469 3150 670 3214 inamoena
684 3150 857 3230 quaedam
876 3151 1098 3227 diverticula,
1124 3169 1249 3215 eorum
1272 3153 1449 3215 interdum
1474 3153 1580 3217 decli-

347 3266 410 3320 nat
425 3257 551 3320 oratio.

408 3363 505 3443 Ergo
520 3363 578 3444 qui
601 3363 643 3426 in·
658 3363 754 3426 vitiis
768 3363 929 3426 omnibus
949 3364 1179 3428 contaminati
1200 3375 1304 3444 atque
1320 3366 1434 3429 obruti
1449 3367 1520 3430 huc
1541 3387 1581 3431 se

347 3471 581 3548 contulerant,
593 3469 667 3550 jam
679 3488 724 3532 ex
738 3470 980 3534 sordidissima
992 3487 1129 3533 morum
1144 3472 1342 3535 colluvione
1357 3474 1487 3536 emersi
1498 3487 1581 3538 sunt

347 3587 381 3640 et
398 3577 570 3640 inmelius
584 3577 698 3639 vitam
717 3585 993 3650 commutarunt;
1015 3585 1049 3638 et
1070 3594 1140 3639 non
1163 3579 1276 3641 solum
1298 3596 1362 3658 pro
1383 3582 1581 3658 petulantia

346 3681 533 3762 pudorem,
549 3699 614 3762 pro
629 3682 778 3746 audacia
795 3683 1062 3761 verecundiam,
1086 3701 1151 3764 pro
1174 3685 1447 3764 intemperantia
1468 3689 1580 3750 conti·

346 3789 547 3868 tinentiam,
563 3806 628 3869 pro
649 3789 809 3852 vanitate
830 3789 1034 3866 veritatem,
1058 3789 1207 3870 denique
1230 3807 1295 3870 pro
1314 3791 1480 3872 perjuriis
1499 3812 1580 3856 san-

386 3990 396 4022 ¹
425 3991 450 4034 in
460 3992 508 4034 hoc
519 3992 632 4035 discendi
644 3994 772 4037 curriculo
780 3992 964 4048 profecerunt,
974 3995 1030 4036 iam
1036 3992 1132 4049 fausto
1137 3994 1268 4048 felicique
1281 3997 1351 4049 pede
1362 4004 1421 4040 sunt
1431 4000 1572 4052 progressi.

346 4063 469 4108 Aen-in
479 4063 526 4106 hoc
537 4064 651 4107 discendi
661 4066 789 4108 curriculo
799 4071 859 4108 sunt
869 4066 1009 4120 progressi.
1020 4065 1082 4110 Pon.

352 4173 356 4180 .
385 4133 397 4164 ¹
426 4137 551 4189 temporis
563 4136 714 4178 intervallo.
726 4137 818 4180 Acrn-
824 4143 948 4190 tempore.
960 4135 1020 4181 Pon.

354 4255 358 4262 ¹
386 4205 398 4238 ³
424 4208 492 4262 apud
504 4215 606 4250 nostros
614 4210 782 4261 promovisse
793 4219 870 4262 quam
884 4209 953 4263 apud
966 4211 1201 4262 reliquondocendi
1210 4213 1348 4266 magistros
1364 4215 1441 4265 longo
1451 4223 1577 4258 annorum

345 4277 454 4322 decursu
465 4279 594 4323 didicisse
603 4279 780 4333 profiteantur.
792 4281 954 4335 Aca-apud
966 4288 1068 4325 nostros
1079 4294 1154 4336 quam
1170 4285 1238 4338 apud
1253 4286 1365 4338 reliquos
1376 4283 1578 4339 ludimagistros

345 4350 422 4402 longo
432 4360 558 4394 annorum
569 4351 678 4394 decursu
687 4354 855 4405 promovisse
864 4352 1044 4406 profiteantur.
1058 4353 1117 4398 Pon.

387 4423 398 4455 ⁴
424 4424 570 4476 perspicua
580 4433 735 4466 summorum
746 4423 885 4468 authorum
894 4426 918 4467 ei
931 4424 1040 4476 linguae
1048 4425 1152 4469 latinae
1158 4427 1315 4481 principum
1324 4429 1499 4472 enarratione.
1509 4428 1577 4472 Aca.

347 4505 530 4538 -summorum
540 4495 678 4538 authorum
689 4497 861 4540 enarratione.
871 4496 931 4540 Pon.
1452 4535 1454 4540 .

387 4565 399 4598 ὅ
423 4577 517 4617 ‚uerum
528 4577 558 4609 eo
570 4567 652 4610 aciem
662 4567 822 4619 ingeniorum
832 4579 936 4612 suornm
947 4569 1090 4619 intendunt.
1098 4570 1149 4613 ituc
1159 4573 1271 4614 conatus
1280 4581 1373 4614 orienes
1386 4573 1577 4625 ortrnesqueia·

345 4639 422 4682 bores
436 4637 574 4692 referunt,
583 4637 634 4681 ituc
644 4639 713 4681 veiis
725 4639 851 4692 equisque
862 4641 1032 4690 contendunt,
1042 4648 1078 4685 ut.
1089 4642 1274 4686 Aen-verum
1283 4654 1313 4684 eo
1321 4643 1405 4686 aciem
1414 4643 1575 4696 ingeniorum

343 4721 449 4754 suorum
459 4711 593 4754 intendunt
603 4717 639 4754 ut.
652 4710 710 4754 Pot.
1161 4757 1162 4762 ,

384 4781 397 4814 ί
425 4793 509 4836 neque
521 4785 613 4827 minus
626 4785 737 4828 virtutis
749 4795 828 4837 quam
841 4785 1012 4838 eruditionis,
1022 4798 1071 4829 non
1082 4787 1173 4840 magis.
1184 4786 1332 4830 Acts-non
1344 4786 1435 4839 magis.
1447 4785 1507 4829 Por..
