3462 5534
706 529 770 608 aa.
792 548 862 608 1552
1331 553 1399 622 ,aar

231 693 518 773 Superscrr'ptrb:
532 693 610 757 R.‘¹⁰
624 695 661 758 in
676 693 818 758 Christo
838 694 990 758 Domino
1009 693 1106 758 Patri
1120 695 1258 774 ignatio
1273 697 1316 759 de
1330 697 1395 762 Lo·

168 803 268 880 ona,
286 799 493 881 Praeposito
506 800 672 866 Generali
686 799 874 864 Societatis
891 801 990 884 jesu,
1012 801 1107 880 apud
1121 799 1290 866 Sanctum
1304 803 1396 868 Mar-

168 925 268 986 cum,
286 908 323 970 in
338 906 484 971 aedibus
498 905 651 970 Sanctae
665 906 801 970 Mariae
815 907 859 972 de
873 905 1017 985 strada,
1034 907 1180 971 Romae.

229 1015 278 1078 Di
292 1023 414 1095 porto,
428 1015 555 1095 cinque
570 1014 720 1078 baiochi.

228 1121 315 1184 Alia
329 1138 457 1184 manu:
470 1121 585 1203 Jesus.
605 1121 692 1184 1552.
718 1121 873 1200 Pariggi.
898 1119 943 1184 Di
965 1119 1012 1184 M.
1034 1121 1397 1210 Roberbtotclaysson·

167 1230 239 1293 uio.
256 1229 312 1294 De
330 1227 366 1292 18
380 1229 417 1292 di
430 1227 586 1308 Maggio.

222 2209 259 2268 Ρ.
275 2211 421 2282 Joannes
435 2211 633 2273 Pelletarius

261 2307 354 2367 Patri
366 2308 493 2382 ignatio
506 2309 548 2370 de
562 2309 701 2384 Loyoio.

295 2405 462 2482 Ferraria,
478 2409 514 2468 24
527 2409 607 2468 Maii
620 2410 690 2468 1552
701 2411 722 2467 ¹.

774 2617 798 2697 †

228 2825 324 2890 Dum
344 2829 489 2908 quilibet
510 2838 650 2894 tuorum
674 2847 738 2911 pro
764 2848 828 2894 suo
852 2831 993 2894 modulo
1014 2833 1098 2894 totis
1116 2833 1236 2896 nervis
1254 2835 1397 2914 proprio

169 2933 342 2998 incumbit
361 2935 513 3015 muneri,
535 2934 641 3000 Pater
659 2953 840 3017 nunquam
860 2953 933 3000 non
950 2937 1187 3018 observande,
1210 2956 1296 3002 sane
1317 2958 1397 3003 con·

167 3040 436 3106 scribendarum
458 3051 607 3122 quatuor
622 3043 795 3106 mensium
810 3043 1009 3108 litterarum
1017 3093 1026 3123 ,,
1042 3044 1169 3125 quibus
1185 3055 1327 3109 nostros
1342 3063 1396 3109 co·

166 3155 273 3210 natus
287 3147 324 3210 in
338 3147 471 3214 Christi
486 3149 611 3213 militia
633 3149 845 3228 conspicuos
867 3150 1014 3214 reddere
1035 3152 1189 3214 solemus
1207 3150 1268 3214 Pr*
1287 3151 1396 3230 Tuae,

166 3253 340 3316 memoria
364 3253 492 3319 animis
517 3255 648 3319 nostris
672 3255 847 3319 excidisse
872 3257 1069 3320 videbatur.
1095 3255 1231 3320 Verum
1255 3258 1399 3338 spiritus

168 3360 226 3422 ille
240 3360 399 3438 diviuuS,
416 3361 476 3441 qui
490 3361 593 3426 docet
608 3361 837 3442 suggeritque
854 3363 988 3442 omnia,
1007 3379 1071 3425 sua
1085 3363 1241 3427 bonitate
1255 3382 1326 3427 non
1342 3365 1398 3426 de·

166 3467 232 3530 suit
248 3467 284 3530 in
303 3467 529 3548 suggerendo
549 3468 795 3550 monendoque
817 3469 901 3550 quid
921 3467 1016 3533 sacto
1036 3479 1128 3534 esset
1149 3488 1248 3551 opus.
1271 3470 1400 3534 Paucis

166 3573 286 3652 igitur,
304 3591 395 3653 quae
410 3574 455 3638 ad
470 3575 624 3653 gloriam
637 3573 812 3638 Altissimi
826 3584 907 3640 acta
921 3586 1013 3655 sunt,
1031 3577 1168 3640 anobis
1184 3577 1316 3659 accipe.

226 3679 283 3744 Ac
297 3681 461 3760 primum,
477 3681 572 3762 quod
586 3681 632 3744 ad
645 3683 873 3762 gymnastica
887 3683 1025 3761 attinet,
1042 3700 1129 3746 sane
1142 3683 1304 3748 eumdem
1319 3701 1395 3748 cur·

167 3803 246 3850 sum
267 3795 403 3867 tenent,
430 3804 534 3867 quem
559 3788 660 3866 olim,
686 3789 717 3851 si
739 3786 898 3852 ordinem
917 3790 1151 3870 spectaveris;
1175 3790 1203 3852 si
1228 3791 1394 3866 fructum,

165 3894 271 3973 longe
285 3911 351 3957 uec
362 3893 466 3958 dubie
477 3893 675 3958 uberiorem
686 3893 849 3958 efferunt.
861 3893 963 3974 Nam,
975 3905 1014 3958 ut
1029 3896 1072 3960 de
1083 3896 1253 3960 fratribus
1263 3898 1399 3978 primus

166 3999 339 4065 habeatur
359 4017 493 4078 sermo,
513 4017 586 4062 non
611 4000 790 4065 absimiles
815 4002 998 4066 foecundis
1022 4004 1121 4081 agris
1140 4019 1203 4066 eos
1220 4001 1396 4082 judicave·
1484 4081 1490 4090 ¹

166 4107 254 4184 rim,
277 4107 337 4187 qui
351 4108 457 4186 longe
472 4107 574 4188 plura
588 4108 702 4172 solent
717 4108 792 4172 suis
807 4108 955 4172 reddere
969 4110 1163 4173 cultoribus
1177 4126 1283 4191 quam
1298 4127 1396 4174 acce·

166 4213 295 4292 perint.
311 4213 364 4278 Illi
378 4214 487 4293 enim,
505 4213 717 4292 quotidianis
731 4231 803 4278 non
819 4217 974 4280 contenti
988 4217 1211 4298 lectionibus,
1232 4219 1321 4282 alias
1335 4235 1398 4300 per

97 4350 103 4367 ·
165 4337 204 4382 se
220 4329 423 4400 assumunt,
439 4320 575 4402 sibique
594 4319 681 4400 ipsis
700 4322 864 4400 magistri
885 4333 983 4402 sunt3
1004 4325 1089 4404 quin
1111 4323 1218 4388 etiam
1239 4333 1401 4411 caeteros

164 4425 370 4506 instituunt;
388 4425 518 4514 ,quibus
539 4426 608 4490 nisi
631 4427 836 4492 moderator
858 4429 1058 4507 accederet,
1082 4439 1119 4494 ut
1141 4432 1221 4494 vela
1241 4449 1398 4514 expansa

165 4533 422 4614 aliquantisper
437 4533 711 4613 constringeret,
728 4536 887 4614 putarint
901 4536 990 4600 adeo
1005 4535 1098 4599 felici
1113 4537 1341 4630 nauigatione
1361 4555 1400 4600 se

209 4772 216 4803 ¹
247 4771 432 4826 apographum
444 4775 469 4818 in
479 4773 583 4822 roltisto
595 4773 658 4842 “r-⁴⁸
667 4773 769 4823 Codicis
780 4775 839 4830 ¹55¹·

312 4860 348 4915 T.
367 4879 386 4917 ι.
1197 4885 1232 4936 42
