3462 5534
362 543 418 602 652
749 540 921 600 Limenes
940 557 1209 609 ounnnruesenns

458 687 519 751 .P.
571 737 577 752 .

424 687 592 860 lljlandaTto
608 793 677 858 Μ
693 794 730 857 Ρ.
754 795 909 860 Antonio
929 793 1057 858 Vinck.

423 901 557 966 Servus
572 902 704 966 inutilis
718 911 752 966 et
767 903 929 982 ingratus
943 900 1046 980 lilius,
1115 909 1116 912 ’

985 1114 1150 1178 Anniano
1164 1113 1209 1178 A.
1226 1113 1427 1178 Counaero.

424 1436 691 1517 superscriptio
707 1436 746 1498 in
760 1441 887 1499 octavo
897 1435 1054 1516 pagina:
1068 1433 1146 1498 R.‘¹⁰
1164 1435 1200 1498 in
1211 1435 1316 1500 Chro.
1330 1435 1427 1498 Patri
1439 1434 1585 1500 Domino

363 1541 509 1620 Ignacio
524 1543 613 1622 (sic)
628 1544 672 1607 de
684 1543 838 1624 Loyola,
854 1542 1061 1623 Praeposito
1073 1541 1241 1606 Generali
1253 1540 1442 1606 Societatis
1455 1543 1548 1626 Jesu.

423 1649 537 1712 Manu
553 1651 591 1730 J.
610 1651 677 1714 Pa.
706 1650 794 1714 Vito:
812 1650 898 1726 1552,
915 1649 1092 1713 Mesanae.
1111 1647 1257 1726 Quadri.
1274 1655 1426 1713 messan.
1448 1649 1483 1713 17
1495 1649 1585 1729 maji.

417 2498 585 2560 Robertus
600 2499 817 2574 Clayssonius

454 2597 546 2656 Patri
559 2598 687 2672 Ignatio
700 2597 742 2658 de
755 2597 894 2672 Loyola.

489 2695 638 2768 Parisiis,
654 2696 689 2756 18
701 2696 780 2756 Maii
795 2697 865 2756 1552
878 2698 898 2752 ¹.

936 2897 1011 3013 nis

422 3136 548 3200 Gratia
562 3147 597 3200 et
610 3155 682 3218 pax
703 3137 846 3202 Domini
866 3137 985 3202 Nostri
1004 3140 1089 3222 Jesu
1111 3139 1242 3203 Christi
1263 3138 1308 3200 sit
1327 3153 1409 3201 cum
1431 3136 1587 3200 omnibus

363 3243 477 3306 vobis.
494 3243 620 3306 Amen.

420 3347 629 3414 Reverende
645 3351 681 3414 in
696 3351 838 3415 Christo
854 3351 975 3416 Pater:

419 3455 522 3519 Nova
537 3457 670 3536 negotii
689 3460 849 3536 urgentis
868 3457 1062 3522 necessitas
1082 3459 1177 3538 cogit
1197 3475 1263 3520 nos
1283 3469 1320 3522 ut
1343 3458 1487 3538 saepius
1501 3457 1588 3520 auri·

359 3561 426 3624 bus
440 3562 509 3626 tuis
523 3573 665 3627 nostras
679 3565 816 3628 litteras
831 3566 1086 3645 obstrepamus.
1103 3564 1172 3630 Sed
1186 3574 1247 3629 tua
1261 3565 1466 3629 humanitas
1477 3579 1587 3645 aequo

359 3668 477 3732 animo
492 3669 582 3734 leret
597 3671 766 3751 quidquid
779 3673 1038 3752 scripserimus,

417 3775 497 3857 Jam
518 3777 572 3841 bis
593 3787 692 3841 terve
715 3779 915 3843 monuimus
936 3778 1190 3842 Paternitatem
1215 3789 1313 3842 tuam
1334 3795 1400 3842 nos
1421 3779 1458 3842 in
1483 3796 1588 3859 angu-

358 3891 453 3947 stum
466 3901 652 3949 numerum
672 3885 852 3962 redactos
874 3904 1000 3967 nempe
1022 3871 1232 3965 ternarium,
1255 3895 1403 3967 excepto
1420 3885 1553 3949 famulo
1567 3885 1587 3960 ²,

359 3989 405 4052 ob
420 3988 616 4055 discessum
631 3993 827 4070 sociorum,
847 3993 907 4073 qui
921 3991 1072 4056 Romam
1086 3993 1185 4056 missi
1199 4003 1296 4071 sunt,
1309 4002 1345 4055 et
1359 3991 1499 4056 felicem
1513 4011 1589 4056 evo-

359 4097 471 4161 latum
486 4098 524 4162 in
536 4100 674 4163 coelum
688 4098 809 4162 fratris
823 4099 937 4162 nostri
952 4099 1114 4178 magistri
1133 4098 1252 4164 Caroli
1270 4099 1490 4162 Commelini.
1508 4097 1590 4165 Item

362 4203 543 4269 dominum
559 4205 684 4270 domus
695 4217 840 4270 nostrae
851 4203 862 4235 ³
874 4206 920 4269 ad
931 4221 1077 4286 gregem
1092 4223 1195 4270 suum
1209 4218 1292 4269 ante
1306 4203 1397 4269 festa
1411 4205 1590 4286 paschalia

362 4311 562 4389 proiectum
583 4331 672 4376 esse.

403 4551 411 4584 ¹
440 4552 629 4607 autographae
641 4554 665 4596 in
677 4553 737 4596 lolio
748 4551 842 4608 duplici
853 4564 876 4595 n.
888 4551 1037 4596 ies-Vere
1054 4552 1257 4607 quadrimestres
1275 4564 1325 4598 uon
1342 4559 1415 4608 sunt,
1433 4554 1478 4598 scd
1496 4553 1592 4608 quadri·

365 4627 475 4667 mestres
485 4625 620 4678 complent,
631 4635 695 4679 quas
705 4635 784 4678 supra
795 4635 819 4668 n.
830 4634 896 4668 cxcv
906 4624 1029 4678 dedimus,
1041 4633 1100 4678 pag.
1111 4624 1158 4668 622.

403 4695 415 4726 ¹
443 4693 509 4738 Vide
520 4705 606 4749 supra.
617 4707 641 4739 n.
653 4706 720 4739 cxcv
729 4729 734 4748 ,
743 4701 796 4740 not.
808 4697 827 4746 1.
838 4706 898 4750 pag.
909 4695 957 4739 624.

401 4766 413 4800 ⁸
442 4767 595 4812 Gullielmus
607 4767 640 4812 du
650 4767 728 4822 Prut,
740 4767 954 4812 claromontanus
964 4767 1114 4823 Episcopus.
