3378 5530
393 477 446 536 436
775 477 946 535 LITTERAE
965 491 1235 544 Quanaluttstaas

387 640 436 699 re,
448 629 521 683 tum
535 623 618 701 quia
631 621 735 700 pauci
747 631 839 698 sunt,
849 631 923 684 turn
935 621 1017 702 quia
1029 639 1050 682 a
1062 621 1220 702 pluribus
1232 633 1502 688 accerserentur
1511 643 1613 706 quam

389 727 516 808 quibus
531 727 696 791 satisfieri
712 737 849 808 posset;
867 737 904 790 ut
924 737 1042 790 autem
1058 735 1092 790 et
1107 727 1236 792 diutius
1251 738 1285 792 et
1299 731 1425 794 melius
1444 733 1615 812 proximis

386 835 534 915 prosint,
552 835 596 896 ab
615 835 682 897 hoc
698 833 811 897 officio
832 835 1021 914 desistunt,
1037 852 1108 915 quo
1123 834 1221 898 fieret
1244 844 1281 899 ut
1302 836 1558 917 impedirentur
1572 859 1612 902 ne

384 941 580 1022 majoribus
602 950 636 1004 et
652 941 767 1020 magis
786 941 998 1005 necessariis
1019 942 1134 1020 rebus,
1157 942 1283 1023 quibus
1305 945 1473 1008 curandis
1494 964 1613 1009 omnes

384 1050 502 1113 idonei
517 1068 588 1112 non
608 1057 700 1126 sunt,
722 1066 867 1128 operam
887 1065 989 1111 suam
1007 1047 1270 1129 impenderent;
1294 1049 1362 1112 hoc
1383 1062 1516 1132 autern,
1538 1055 1613 1133 quis

383 1165 570 1235 praestare
583 1173 653 1218 non
678 1163 806 1236 potest,
823 1164 910 1218 utet
928 1154 1094 1218 morienti
1113 1155 1216 1236 adsit,
1237 1165 1272 1219 et
1288 1157 1384 1220 illum
1403 1158 1440 1220 in
1458 1157 1612 1222 Domino

384 1263 600 1327 consoletur?

443 1369 523 1452 Jam
538 1388 625 1433 vero
646 1369 869 1449 exspectabis
892 1369 1032 1450 quidde
1048 1370 1277 1434 concionibus
1292 1371 1420 1448 dicam,
1437 1373 1612 1450 quomodo

383 1477 464 1540 illae
481 1476 680 1540 audiantur.
697 1475 863 1540 Maximis
887 1475 1064 1539 caloribus
1085 1475 1161 1539 fieri
1180 1494 1252 1539 non
1271 1477 1384 1555 potuit
1399 1475 1485 1556 quin
1505 1483 1611 1541 eccle·

382 1585 435 1646 sia
454 1585 667 1663 repleretur,
683 1582 847 1663 quamvis
868 1583 901 1645 in
919 1599 961 1644 ea
982 1592 1162 1662 tamquam
1177 1583 1213 1646 in
1227 1583 1370 1646 fornace
1386 1592 1460 1646 tota
1476 1595 1609 1647 aestate

381 1691 561 1768 fuerimus
579 1699 653 1754 tum
666 1700 813 1772 propter
826 1688 1082 1754 multitudinem
1097 1691 1279 1754 hominum
1291 1699 1396 1772 atque
1411 1693 1607 1763 mulierum,

381 1807 455 1862 tum
472 1798 553 1878 quia
569 1808 726 1878 ternpore
741 1797 934 1875 concioniS,
951 1815 972 1858 a
988 1797 1125 1860 duabus
1138 1805 1198 1860 aut
1210 1798 1322 1860 tribus
1333 1799 1507 1878 partibus,
1522 1801 1610 1862 radii

379 1906 465 1969 solis
480 1906 517 1969 in
532 1923 611 1968 earn
623 1904 907 1984 ingrederentur;
925 1904 986 1966 sed
998 1903 1129 1967 Christi
1145 1903 1313 1985 charitaS,
1327 1923 1417 1986 quae
1429 1924 1493 1986 per
1506 1903 1608 1986 Spiri-

381 2021 456 2075 tum
477 2011 646 2076 Sanctum
667 2013 702 2075 in
722 2011 888 2075 cordibus
907 2013 1100 2074 electorum
1118 2010 1325 2092 infunditur,
1346 2012 1430 2076 solis
1445 2013 1608 2076 ardorem

380 2121 563 2201 superavit
577 2128 612 2182 et
634 2119 731 2182 vicit.
749 2118 838 2182 Cum
853 2128 970 2182 autern
986 2136 1076 2199 quae
1091 2119 1134 2181 dc
1155 2119 1375 2182 orationibus
1397 2120 1528 2200 scripsi
1543 2131 1607 2182 sta-

380 2233 458 2289 tuta
472 2226 633 2304 fuissent,
651 2225 782 2305 placuit
797 2223 959 2304 Pro-regi
974 2233 1012 2288 ut
1027 2225 1064 2287 in
1078 2226 1229 2288 ccclesia
1243 2223 1369 2303 majori
1390 2227 1607 2306 publicaren-

381 2342 449 2409 tur,
474 2333 544 2410 ubi,
572 2333 748 2413 cumipse
769 2332 909 2395 adesset
929 2342 963 2394 et
984 2332 1216 2411 magistratus
1237 2349 1317 2394 cum
1338 2349 1470 2412 magna
1489 2335 1606 2414 populi

379 2439 613 2514 multitudine,
630 2439 862 2502 concionatus
884 2455 978 2516 sum;
995 2455 1064 2517 qua
1080 2438 1222 2518 quidem
1238 2439 1461 2527 inconcione
1483 2439 1519 2502 id
1540 2441 1605 2520 egi,

379 2556 417 2609 ut
434 2547 532 2627 prius
543 2545 778 2625 intelligerent
790 2545 967 2624 flagellum
979 2544 1162 2608 imminere
1174 2545 1217 2607 ob
1229 2555 1458 2624 peccatorum
1469 2558 1606 2609 nostro-

379 2669 458 2717 rum
472 2653 743 2731 multitudinem,
760 2651 887 2732 quibus
902 2650 1000 2714 Deus
1011 2651 1127 2731 J'ustus
1142 2661 1175 2714 et
1192 2661 1310 2714 rectus
1326 2653 1370 2715 ad
1385 2652 1478 2716 iram
1493 2657 1606 2718 conci-

380 2768 486 2838 tatur,
504 2768 542 2822 ut
553 2759 682 2840 ubique
701 2776 826 2821 sacrae
839 2757 1007 2820 historiae
1023 2767 1246 2836 attestantur,
1260 2769 1334 2822 turn
1349 2758 1395 2822 ad
1406 2757 1605 2838 huJusmodi

379 2867 558 2929 orationes
573 2883 663 2946 quae
684 2866 867 2928 ordinatae
888 2864 1038 2941 fuerant,
1062 2864 1106 2927 ad
1118 2863 1262 2944 iejunia,
1285 2865 1330 2927 ad
1348 2866 1604 2946 eleemosynas,

377 2981 413 3036 et
441 2971 615 3053 imprimis
634 2971 680 3034 ad
694 2980 922 3052 peccatorum
949 2970 1208 3034 confessionem
1232 2971 1449 3034 adhortabar
1471 2989 1604 3035 omnes.

377 3080 466 3143 Cum
489 3077 723 3142 ostendissem
744 3087 913 3158 quantum
934 3077 970 3140 in
992 3077 1048 3140 his
1067 3078 1237 3160 praesidii
1257 3079 1387 3159 populo
1410 3078 1611 3142 christiano

377 3186 472 3268 apud
487 3185 602 3249 Deum
617 3201 756 3265 semper
774 3185 928 3264 positum
943 3183 1060 3260 fuerit,
1082 3201 1162 3254 cum
1181 3201 1252 3247 non
1272 3185 1388 3248 minus
1409 3186 1466 3248 ille
1487 3187 1605 3266 poeni-

375 3295 486 3357 tentia
501 3293 547 3356 ad
563 3292 844 3355 misericordiam
856 3291 1016 3354 flectatur
1032 3308 1137 3372 quam
1152 3291 1309 3372 peccatis
1324 3293 1369 3354 ad
1383 3291 1542 3356 furorem
1556 3295 1605 3355 in-

376 3401 518 3477 citetur,
539 3399 672 3479 placuit
689 3397 831 3462 Christo
847 3397 1000 3461 Domino
1011 3406 1048 3460 ut
1063 3396 1212 3462 Prorex
1227 3409 1261 3461 et
1276 3399 1402 3480 reliqui
1416 3416 1463 3462 ex
1475 3402 1606 3481 populo

375 3507 551 3570 aedificati
566 3505 804 3569 discesserint.

433 3613 566 3676 Eodem
581 3623 739 3693 tempore
755 3629 835 3674 cum
850 3612 975 3676 classis
997 3611 1084 3674 haec
1105 3622 1286 3676 turcarum
1306 3612 1504 3692 timeretur,
1521 3631 1606 3694 quo-

373 3721 457 3784 tidie
472 3720 508 3783 in
523 3719 746 3783 monasteriis
760 3718 965 3782 monialium
980 3719 1234 3782 concionabar:
1255 3735 1338 3782 narn
1353 3735 1434 3783 cum
1449 3737 1472 3784 a
1486 3723 1606 3784 lectio·

373 3827 478 3890 nibus
503 3843 687 3900 vacarem,
714 3824 749 3888 id
773 3824 877 3888 facile
902 3835 1085 3905 praestare
1110 3835 1289 3905 poteram,
1315 3825 1395 3888 illae
1420 3842 1509 3890 vero
1533 3845 1605 3890 non

374 3932 600 3998 mediocriter
629 3940 745 3994 motae
769 3930 924 4010 fuerant,
952 3948 1040 4011 quas
1064 3932 1138 3994 scio
1163 3932 1212 3995 ita
1238 3932 1427 4012 diligenter
1452 3933 1605 3998 orationi

371 4057 540 4118 vacasse,
568 4047 606 4101 ut
631 4038 796 4119 quamvis
820 4037 909 4100 hora
934 4037 1082 4118 singulis
1110 4039 1334 4102 monasteriis
1359 4039 1405 4103 ad
1430 4041 1606 4106 orandum

373 4146 608 4211 determinata
623 4144 756 4224 suisset,
774 4161 843 4224 quo
855 4144 969 4207 oratio
984 4161 1165 4226 nunquam
1175 4143 1480 4228 intermitteretur,
1496 4165 1608 4228 saepe

373 4265 493 4318 tamen
523 4252 569 4315 ad
599 4251 689 4315 duas
713 4250 787 4314 fere
811 4250 921 4315 horas
949 4268 1074 4332 preces
1102 4269 1186 4316 suas
1214 4252 1483 4333 protraherent;
1509 4272 1607 4317 nunc

369 4360 478 4448 etiam
492 4358 566 4423 fere
581 4357 635 4421 bis
649 4359 687 4421 in
698 4357 940 4438 hebdomada,
957 4357 1051 4438 quod
1066 4375 1086 4421 a
1102 4357 1141 4420 P.
1157 4358 1292 4438 Natali,
1314 4369 1505 4440 antequam
1518 4360 1608 4424 hinc

368 4466 561 4544 recederet,
579 4464 665 4528 mihi
679 4463 885 4543 impositum
899 4464 1030 4544 fuerat,
1048 4464 1139 4528 tiliae
1161 4464 1340 4546 Pro-regis
1356 4474 1463 4548 atque
1484 4467 1607 4530 mulie-

368 4573 478 4652 ribuS,
500 4588 593 4652 quae
612 4570 766 4634 camilla
786 4580 886 4647 sunt,
904 4569 1000 4635 domi
1022 4588 1108 4634 suae
1131 4571 1338 4637 concionari
1359 4574 1474 4651 soleo;
1498 4575 1608 4656 profi-

367 4680 466 4744 ciunt
480 4687 515 4742 et
531 4675 759 4742 aedificantur
779 4677 829 4756 (ut
848 4676 963 4766 rideo)
985 4678 1065 4757 piae
1087 4678 1263 4742 mulieres.
1289 4677 1401 4744 Multa
1422 4697 1510 4746 vero
1532 4681 1614 4744 Do-
