3400 5524
767 523 938 583 errnans
958 539 1226 591 Qunnnnrusrass

899 1333 1098 1417 LXVIII

435 1779 473 1839 Ρ.
487 1779 656 1840 Adrianus
670 1779 916 1843 Adriaenssens

472 1869 564 1930 Patri
577 1871 706 1945 lgnatto
720 1871 761 1931 de
776 1872 915 1947 Loyola.

505 1959 666 2033 Lovani0‚
680 1959 988 2023 6Decembris1550
1002 1963 1023 2018 ¹.

980 2323 1054 2440 nis

443 2691 519 2754 Rae
538 2692 627 2758 Dne.
645 2693 869 2774 Praeposite':

445 2798 569 2863 Gratia
584 2799 728 2864 Domini
742 2799 864 2865 Nostri
875 2802 960 2884 Jesu
975 2801 1168 2866 Christisit
1179 2818 1316 2883 semper
1332 2818 1414 2865 cum
1428 2799 1466 2864 P.
1482 2801 1527 2864 V.

442 2906 649 2971 Reverendo
674 2925 716 2971 ac
741 2909 991 2973 amantissime·
1007 2909 1043 2972 in
1064 2907 1206 2973 Christo
1222 2905 1345 2972 Pater:
1366 2907 1457 2972 Tres
1479 2906 1600 2971 fratres

382 3013 555 3078 hactenus
574 3013 705 3078 fuimus
723 3031 880 3078 numero.
902 3015 982 3097 Jam
1003 3033 1090 3080 vero
1115 3025 1262 3098 quartus
1284 3015 1439 3094 advenit,
1461 3033 1483 3078 a
1501 3013 1538 3078 P.
1557 3013 1597 3076 V.

385 3119 529 3198 missus,
547 3120 728 3184 Arnoldus
742 3119 770 3200 ³,
793 3121 894 3184 nobis
916 3121 954 3185 in
972 3121 1124 3186 Domino
1144 3122 1379 3202 gratissimus.
1406 3121 1536 3186 Omnes
1554 3139 1600 3185 re·

383 3236 451 3305 cte,
468 3227 546 3290 laus
561 3226 649 3306 Deo,
664 3227 846 3292 habemus.

443 3332 549 3396 Pater
561 3332 745 3398 Cornelius
757 3343 791 3398 et
801 3334 849 3398 M.
861 3334 1196 3399 Andreas⁸student
1207 3335 1418 3415 theologiae,
1431 3343 1467 3399 et
1478 3334 1523 3398 M.
1537 3333 1602 3399 An·

384 3439 489 3503 dreas
503 3439 661 3520 fungitur
676 3441 790 3505 officio
805 3443 894 3505 coci.
910 3442 1108 3506 Amoldum
1123 3443 1309 3506 statuimus
1324 3453 1404 3523 post
1417 3441 1486 3506 ista
1508 3442 1603 3520 festa,

382 3546 549 3610 videlicet
556 3547 807 3628 conceptionis
818 3548 949 3612 Beatae
956 3548 1128 3629 Virginis
1142 3549 1281 3613 mittere
1292 3548 1605 3629 adPaedagogium

384 3661 422 3714 ut
436 3653 576 3717 studeat
590 3655 834 3735 philosophiae
843 3652 867 3714 ⁸.

444 3757 545 3822 Multi
568 3757 626 3822 hic
651 3761 908 3826 concionantur
928 3772 1002 3826 tum
1025 3763 1135 3826 latine
1155 3772 1231 3827 tum
1249 3765 1464 3846 germanice,
1486 3773 1522 3828 et
1541 3781 1606 3828 ma·

387 3880 479 3943 gnus
493 3863 531 3927 fit
546 3882 741 3930 concursus
759 3868 844 3931 cleri
863 3868 908 3930 ad
923 3868 1152 3948 audiendum
1173 3869 1235 3933 sed
1254 3886 1321 3950 ego
1345 3871 1550 3950 frequenter
1568 3871 1610 3933 ad

385 3968 577 4034 Dominum
592 3973 742 4053 suspiro,
760 3972 967 4038 desiderans
980 3985 1018 4038 ut
1034 3976 1186 4057 aliquem
1199 3975 1342 4040 Patrem
1360 3975 1529 4042 Stradam
1544 3979 1609 4041 huc

385 4076 500 4140 mittat
516 4075 538 4158 ³,
554 4095 625 4142 non
642 4078 807 4143 dubitans
829 4081 912 4160 quin
927 4096 1008 4144 cum
1023 4082 1178 4147 maximo
1192 4080 1260 4146 Dei
1274 4085 1409 4148 honore
1424 4092 1459 4148 et
1478 4086 1610 4148 anima-

383 4269 591 4286 *q

426 4387 434 4421 Ι
462 4386 552 4432 Manus
562 4387 649 4432 Putris
661 4389 768 4433 Adriani
779 4390 968 4436 Adriueussens
978 4391 1003 4436 ln
1014 4391 1074 4436 totto
1084 4404 1108 4436 n.
1121 4391 1167 4436 10⁹.

424 4457 435 4490 ¹
462 4459 538 4503 Alius
548 4471 564 4503 a
574 4459 658 4504 Hezeo
667 4460 772 4504 videtur
782 4461 824 4504 hic
834 4473 899 4505 esse.

421 4529 433 4562 ³
460 4529 488 4574 P.
499 4529 633 4576 Cornelius
641 4531 786 4576 Wlslnaven
796 4539 821 4576 et
831 4532 863 4579 ll.
876 4533 996 4578 Andreas
1007 4533 1135 4580 sidereus,

382 4671 403 4716 P
421 4603 433 4634 ⁴
459 4601 659 4658 Paedugoglum,
676 4603 794 4656 Lovnnil.
812 4614 904 4648 nomeu
919 4611 978 4650 erat
995 4607 1104 4662 collegis
1121 4608 1159 4653 itu
1177 4607 1368 4664 Puedagogium
1386 4605 1460 4660 Lilll.
1481 4609 1613 4660 Falconis,

404 4673 526 4726 ontificis,
537 4680 587 4718 etc.

420 4743 432 4776 ⁸
458 4743 540 4789 Notus
551 4747 636 4791 luerat
647 4747 757 4792 Lovanll
768 4745 796 4788 P.
807 4744 962 4792 Franciucus
971 4749 1001 4791 de
1014 4747 1110 4792 Struda
1120 4761 1186 4794 anno
1198 4752 1258 4795 1543.
