935 1458
211 144 238 158 750
409 144 494 158 Lumine
504 148 638 160 Qunnniiit‘suaesss

211 181 268 200 plagis
276 181 387 196 mederentur
395 181 469 196 illorum.
479 181 532 196 Venit
541 181 595 196 etiam
604 185 645 197 cum
656 181 689 196 illis
699 181 762 197 mulier
774 186 825 201 quae-

211 207 257 227 dam,
266 209 380 227 comportans
387 212 447 223 secum
454 208 519 227 omnia,
526 212 570 227 quae
577 208 599 223 ad
606 208 676 223 illorum
682 208 768 224 medelam
775 211 825 224 erant

211 235 317 250 necessaria,
326 234 364 250 Hac
372 234 467 250 occasione
474 234 530 249 movit
538 234 624 250 Dominus
634 235 729 250 multorum
739 235 795 250 corda
803 235 824 250 ad

211 261 289 276 dolorem
297 263 314 276 et
324 261 453 276 confessionem
463 265 535 276 suorum
546 263 660 280 peccatorum
667 263 684 276 et
696 261 719 276 ad
729 261 825 281 suscipien-

210 288 251 303 dum
258 288 386 303 communionis
392 289 528 306 sacramentum,
535 292 580 307 quae
587 288 688 308 precedenti
692 287 769 307 jubilaeo
776 291 825 304 mota

210 319 246 330 non
256 314 330 330 fuerant.
342 314 439 334 Statimque
450 318 512 330 omnes
521 315 568 330 tauri
579 315 647 334 explosi
660 317 708 334 sunt,
721 315 799 331 cessavit
809 318 827 330 et

210 344 299 357 certarnen
307 341 418 357 arundinum.

240 368 335 388 Postquam
343 368 391 384 venit
399 373 408 384 e
416 368 498 384 Valentia
506 368 524 383 P.
534 371 594 384 nosoer
602 368 706 388 Ducemque
717 369 827 384 allocuturus

209 395 288 414 adiisset,
296 399 343 410 nova
352 395 428 415 quadam
436 395 495 410 vultus
503 395 592 410 hilaritate
600 397 617 410 et
624 395 726 411 reverentia
731 397 827 414 susceptus

209 424 243 441 est;
252 426 326 441 cumque
334 424 445 441 compertum
452 424 498 437 esset
505 421 553 437 Patri
561 424 622 437 nostro
628 422 723 441 quemdam
728 422 824 440 hominem,

209 449 312 464 verberibus
320 448 389 468 publice
396 448 512 468 puniendum,
523 453 532 464 e
542 452 614 464 carcere
622 447 659 468 jam
668 448 704 468 jam
715 448 774 467 educi,
786 453 825 468 sup-

209 475 249 495 plex
257 475 306 495 petiit
313 475 395 490 revocari
401 475 511 490 sententiam.
519 474 560 490 Dux
566 477 619 495 certe,
627 474 731 490 confusione
737 478 754 490 et
760 475 826 490 rubore

209 502 295 522 oppletus,
304 501 361 517 Patris
369 502 386 517 in
393 501 474 517 libertate
482 501 540 521 posuit
546 501 622 517 hominis
629 501 744 519 sententiam,
753 502 783 521 qui
790 504 825 517 sta-

209 528 240 544 tim
248 533 288 544 eum
296 529 350 544 libere
358 528 429 544 dimisit.

239 555 306 571 Diebus
313 555 347 570 illis
352 567 356 574 ,
364 555 427 575 quibus
440 554 491 570 Pater
502 554 596 570 Valentiae
607 555 712 575 permansit.
725 555 795 570 admisit
807 555 824 570 in

208 581 315 597 Societatem
325 581 421 597 Dominum
430 581 501 597 Petrum
511 581 597 601 Cabrera‚
608 581 683 597 nobilem
692 581 784 601 juvenem,
795 586 823 597 ne-

209 611 302 628 potemque
310 608 401 628 cujusdam
409 608 470 628 magni
477 608 569 628 principis,
579 612 631 628 quem
641 609 696 628 vulgo
707 608 783 624 dicimus
793 607 823 623 AI>

209 635 286 650 mirante
293 635 314 650 de
324 635 398 650 Castilla
403 647 407 654 ,
413 634 496 654 juvenem
503 637 551 650 certe
558 635 641 650 humilem
648 637 665 650 et
673 635 732 655 quieto
740 635 823 654 claroque

208 661 280 681 judicio,
289 662 319 681 qui
326 662 371 677 adeo
378 666 397 677 se
405 661 480 677 ostendit
488 661 598 681 paupertatis
606 663 705 677 amatorem
712 664 731 677 ut
737 663 788 677 extra
795 661 823 676 do-

209 692 265 708 murny
276 688 329 708 pallio
340 693 371 703 suo
382 688 449 707 relicto,
461 688 495 703 alio
505 688 565 703 attrito
576 690 593 703 ct
606 688 708 704 decolorato
717 688 740 703 ad
753 688 822 703 mortifi-

210 715 287 730 candum
294 715 367 730 fratrem
375 715 468 735 quemdam
474 715 504 734 qui
510 719 531 730 eo
538 715 625 733 utebatur,
633 715 690 730 laetus
698 714 774 730 incedat.
781 714 824 730 Cum

210 743 257 757 esset
263 741 300 761 jam
310 741 391 757 Gandiae
401 741 453 757 Pater
463 744 529 760 noster,
541 741 609 761 accepit
620 741 688 757 litteras
699 745 709 756 a
720 741 824 761 quibusdam

210 768 272 783 incolis
284 768 416 784 Conccntainae
423 780 426 787 ,
440 768 503 788 quibus
516 770 629 783 sacramenta
642 768 794 787 frequentantibus
807 770 824 783 et

210 795 228 810 in
235 794 286 810 bonis
294 795 376 814 operibus
384 794 518 814 persistentibus
526 794 579 810 semel
587 794 703 810 concionatus
711 797 746 813 est:
754 794 772 810 bi
778 798 825 810 nunc

209 821 296 837 instanter
308 821 390 841 petebant
403 826 413 836 a
426 821 478 837 Patre
489 823 508 836 ut
521 821 560 836 illos
570 821 654 836 inviseret
665 823 683 836 et
692 825 725 836 sua
734 821 825 841 praedica>

209 848 256 863 tione
264 848 357 867 pristinum
364 848 418 863 robur
425 848 530 863 restitueret,
540 847 619 867 Cumque
626 847 684 867 Pater,
693 847 727 863 inis
735 847 825 867 obtempe«

208 878 258 893 rans,
269 874 309 889 illuc
320 878 339 889 se
349 874 452 889 contulisset
461 878 501 889 cum
511 874 567 889 altero
577 873 630 889 Patre
642 874 699 893 socio,
711 874 734 889 ad
747 874 824 889 mediam

208 905 264 921 usque
272 903 342 916 noctem
352 901 427 920 vigilare
437 901 454 916 in
465 900 556 916 audiendis
568 900 716 920 confessionibus,
728 903 745 916 et
755 900 778 916 ad
788 900 823 916 boc

208 928 266 947 ipsum
274 927 291 943 in
299 932 363 943 aurora
371 932 444 947 surgere
453 927 555 943 debuerunt,

238 954 305 969 Diebus
314 954 394 974 proxime
406 954 478 973 elapsis,
490 954 581 974 peccatrix
592 954 679 973 quaedam
689 953 768 973 publica,
776 958 823 969 com-

208 983 274 1000 puncta
281 981 342 1000 corde,
351 981 400 996 venit
407 980 430 996 ad
437 985 469 996 nos
477 980 561 1000 petiitque
571 980 609 995 dari
620 980 653 995 sibi
663 980 775 996 sacerdotem
782 984 822 1000 pru*

208 1007 286 1026 dentem,
295 1007 323 1023 cui
330 1007 451 1026 confiteretur,
460 1007 521 1022 dicens
527 1012 546 1022 se
552 1011 590 1022 esse
596 1007 714 1026 peccatricem
720 1007 822 1025 maximam;

208 1038 253 1054 quae
261 1034 342 1049 confessa
350 1036 376 1049 est
384 1037 401 1049 et
409 1034 500 1049 consolata
508 1034 587 1049 recessit⁴

237 1060 264 1076 De
272 1061 337 1076 nostris
344 1060 414 1080 studiis,
423 1061 445 1076 de
454 1060 535 1076 doctrina
543 1060 649 1080 christianay
656 1060 678 1076 de
683 1060 797 1076 concionibus
804 1063 821 1075 et

207 1087 348 1103 confessionibus
355 1087 399 1103 nihil
406 1087 483 1102 occurrit
491 1087 611 1102 scribendum.

237 1114 311 1134 Reliqua
318 1114 403 1129 exercitia
411 1113 514 1129 humilitatis
524 1116 541 1129 et
552 1114 635 1133 propriae
645 1113 746 1133 negationis
756 1113 775 1129 in
785 1113 822 1128 dies

207 1143 295 1159 augentur
302 1141 382 1160 exemplo
390 1143 406 1156 et
414 1140 537 1156 exhortatione
548 1139 570 1155 D.
582 1140 681 1160 Baptistae,
692 1139 750 1155 Patris
759 1139 820 1156 nostri.

207 1167 242 1187 qui,
251 1167 320 1187 quoties
328 1167 382 1186 deest,
390 1169 409 1183 ut
417 1171 469 1187 saepe
477 1166 501 1185 fit,
510 1169 539 1182 aut
547 1167 650 1182 immoratur
658 1166 737 1182 minister
745 1170 819 1184 mensae.

207 1193 263 1212 surgit
271 1193 308 1213 ipse
314 1194 437 1214 humiliterque
443 1193 530 1209 ministrat
536 1193 584 1209 cibos
590 1193 640 1208 nobis
646 1197 649 1211 ς
656 1192 761 1213 saepissime
768 1193 818 1208 etiam

791 1327 900 1409 *L
