3522 5530
365 563 421 622 730
754 561 925 622 Limnatis
944 577 1213 632 ouaunmnsrans

367 707 432 772 His
447 709 555 788 igitur
569 708 719 776 omissis,
737 725 778 770 ea
794 708 948 771 breviter
964 707 1166 784 recensebo,
1183 723 1274 786 quae
1289 705 1384 785 apud
1398 708 1601 787 proximum

364 835 388 877 a
402 816 534 879 nostris
549 824 651 894 gesta
666 825 758 880 sunt.

424 921 492 986 Ubi
506 923 620 1003 primo
635 923 713 986 loco
729 939 806 986 sese
821 921 973 986 offerunt
988 921 1212 1001 theologicae
1226 920 1376 984 Patrom
1393 929 1602 984 nostrorum

365 1026 653 1092 Reverendorum
667 1028 829 1109 publicae
843 1029 1028 1107 lectiones,
1044 1044 1133 1108 quas
1149 1028 1232 1109 quia
1247 1044 1332 1091 rara
1354 1025 1510 1108 quadam
1526 1027 1603 1090 dili-

362 1135 485 1212 gentia
499 1136 708 1216 praelegunt
720 1144 756 1198 et
769 1135 848 1214 fide,
864 1135 902 1198 fit
916 1146 954 1198 ut
968 1135 1134 1198 auditorii
1149 1133 1352 1214 frequentia
1372 1150 1456 1196 cum
1471 1133 1604 1214 quovis

364 1241 605 1320 professorum
620 1243 693 1323 (qui
706 1244 907 1322 complures
922 1253 1041 1306 tamen
1055 1241 1092 1305 in
1106 1241 1175 1304 hac
1192 1239 1390 1304 Academia
1405 1250 1487 1303 sunt
1503 1250 1540 1303 et
1551 1241 1603 1302 in·

365 1348 513 1427 signiter
528 1349 668 1430 quidem
683 1349 789 1426 docti)
807 1357 953 1412 certent.
974 1346 1149 1428 Superant
1169 1345 1287 1410 autem
1311 1362 1436 1410 omncs
1455 1347 1492 1409 in
1517 1346 1602 1426 hoc,

361 1455 457 1534 quod
481 1456 518 1519 hi
544 1456 800 1535 adolescentes,
827 1456 1029 1535 theologiae
1054 1454 1170 1518 studio
1195 1452 1340 1531 addicti,
1368 1469 1503 1532 magna
1530 1454 1606 1518 sint

360 1563 513 1642 praediti
528 1563 711 1642 modestia,
728 1563 895 1644 patientia
911 1562 1180 1642 constantiaque
1195 1561 1232 1624 in
1246 1559 1437 1624 audiendo.

422 1669 464 1732 R.
475 1668 522 1712 <¹¹¹³
536 1668 590 1732 P.r
606 1668 800 1733 Goudanus
815 1669 985 1732 successit
996 1667 1033 1731 P.
1047 1667 1196 1731 Claudio
1214 1666 1221 1699 ¹
1236 1669 1355 1747 (quem
1368 1675 1467 1729 certe
1478 1667 1604 1730 virum

363 1775 496 1857 absque
512 1776 667 1840 maximo
682 1776 790 1840 animi
805 1775 874 1839 mei
888 1775 1020 1854 dolore,
1035 1783 1179 1854 propter
1190 1789 1347 1840 summas
1362 1772 1475 1853 ipsius
1487 1773 1604 1836 virtu·

362 1892 416 1946 tes
428 1885 611 1947 nominare
622 1883 684 1946 vix
695 1883 851 1963 possum)
859 1883 895 1945 in
907 1882 1056 1945 lectione
1067 1880 1214 1944 Paulina
1227 1880 1272 1943 ad
1283 1877 1479 1959 Romanos,
1489 1897 1602 1960 quam

363 1991 413 2052 ita
427 1991 583 2070 exponit,
600 2001 638 2054 ut
652 2007 717 2054 nec
732 2007 797 2054 nos
810 2007 876 2053 nec
892 1989 951 2053 alii
965 1988 1154 2068 quicquam
1171 1987 1323 2068 amplius
1334 1986 1599 2051 desideremus

364 2097 536 2177 Breviter,
552 2107 690 2179 aperte,
711 2098 832 2175 docte,
853 2095 1055 2160 difficillima
1074 2111 1233 2175 quaeque
1255 2095 1352 2170 loca,
1376 2093 1505 2173 quibus
1526 2095 1602 2176 epi·

362 2204 453 2267 stola
469 2205 529 2267 illa
543 2206 648 2285 plena
662 2213 727 2282 est,
743 2211 898 2282 enarrat,
914 2202 1174 2266 haereticorum
1192 2201 1338 2264 insanas
1359 2200 1600 2280 indoctasque

356 2312 621 2392 persuasiones,
631 2310 809 2391 quasinde
819 2318 859 2373 ut
868 2310 1057 2390 plurimum
1066 2306 1388 2390 rapiunt,confutat
1399 2315 1434 2370 et
1445 2306 1600 2370 subver-

361 2418 414 2498 tit,
430 2418 613 2498 ipsamque
628 2418 814 2481 ven'tatem
829 2416 1040 2480 catholicam
1051 2413 1217 2492 defendit,
1231 2413 1376 2477 roborat
1387 2422 1496 2493 atque
1512 2431 1598 2477 con-

362 2523 490 2587 firmat.
506 2523 608 2588 Unde
626 2523 663 2587 fit
679 2532 717 2586 ut
735 2522 883 2586 studiosi
902 2522 1049 2604 aequius
1067 2520 1183 2584 lerant
1203 2520 1424 2601 inopinatum
1448 2521 1598 2600 inexpe-

361 2639 564 2711 ctatumque
579 2630 763 2693 decessum
776 2626 848 2692 Rfss
861 2627 899 2692 P.
919 2625 1059 2692 Claudii
1079 2627 1151 2708 (qui
1167 2635 1338 2708 quantum
1353 2634 1536 2690 amaretur
1559 2628 1597 2690 in

361 2738 430 2800 hac
445 2735 654 2816 Academia,
671 2736 774 2800 facile
787 2736 885 2800 licuit
901 2737 937 2799 in
951 2735 1074 2799 funere
1088 2733 1226 2813 videre,
1243 2734 1338 2813 quod
1355 2734 1499 2812 magnis
1512 2751 1594 2814 pro·

361 2843 552 2922 fessorum,
579 2844 846 2923 magistrorum,
881 2843 1049 2906 nobilium
1081 2851 1116 2905 et
1148 2841 1387 2904 studiosorum
1425 2841 1593 2921 querelis,

361 2952 458 3015 luctu
477 2961 513 3016 et
526 2952 835 3015 lamentationibus
850 2952 895 3014 ad
909 2950 1136 3030 sepulchrum
1150 2956 1203 3012 est
1217 2949 1470 3028 deportatum),
1487 2965 1595 3028 quem

360 3058 493 3140 alioqui
506 3075 678 3139 perquam
698 3060 843 3121 moleste
865 3074 950 3120 sane
968 3057 1074 3120 laturi
1088 3064 1206 3134 erant,
1228 3063 1266 3124 ut
1283 3071 1354 3118 non
1369 3055 1524 3118 obscure
1544 3073 1590 3119 ex

359 3165 571 3244 quibusdam
585 3165 723 3228 indiciis
737 3165 773 3228 id
787 3163 1093 3246 deprehendimus.

422 3269 458 3334 P.
476 3271 640 3336 Canisius
654 3271 772 3350 pergit
785 3286 922 3334 summo
936 3287 1018 3333 cum
1036 3270 1223 3350 applauso,
1245 3276 1280 3331 et
1301 3269 1379 3349 pari
1398 3285 1480 3331 cum
1501 3269 1594 3333 utili·

357 3387 431 3440 tate
445 3377 573 3442 docere
589 3395 631 3440 ac
645 3377 823 3457 explicare
837 3376 1052 3440 christianae
1066 3375 1251 3439 doctrinae
1268 3374 1473 3438 methodum
1489 3375 1591 3440 illam

356 3499 465 3564 quam
480 3483 732 3549 Serenissimus
746 3483 823 3547 Rex
837 3484 973 3564 pridem
989 3483 1152 3546 anostris
1165 3482 1328 3562 petierat.
1342 3481 1450 3545 Faxit
1468 3480 1591 3548 Domi·

356 3607 425 3654 nus
438 3590 542 3674 Jesus
556 3591 717 3654 Christus
730 3599 768 3653 ut
782 3590 894 3670 possit
908 3590 958 3652 ita
969 3598 1004 3653 et
1013 3589 1211 3670 provehere
1222 3598 1257 3652 et
1268 3588 1314 3651 ad
1325 3588 1431 3652 finem
1444 3588 1591 3653 tandem

358 3697 553 3778 perducere
568 3698 843 3778 pulcherrimum
858 3697 926 3760 hoc
940 3706 975 3760 et
988 3696 1243 3760 restaurandae
1257 3697 1294 3759 in
1308 3696 1507 3760 Germania
1523 3697 1590 3760 Ca·

356 3804 511 3868 tholicae
525 3803 700 3884 Religioni
715 3804 904 3884 plurimum
919 3803 1110 3884 adiumenti
1124 3803 1314 3866 allaturum
1328 3819 1433 3882 opus,
1450 3802 1497 3865 ad
1512 3805 1589 3868 lau-

357 3911 440 3974 dem
454 3911 668 3976 sanctissimi
682 3911 834 3975 nominis
848 3911 913 3975 sui.
931 3910 1057 3974 Amen.

418 4017 521 4083 Redit
535 4020 643 4100 igitur
657 4019 792 4082 fructus
806 4019 852 4083 ad
866 4019 1043 4082 studiosos
1058 4035 1128 4080 non
1144 4017 1295 4097 exiguus
1309 4033 1355 4081 ex
1374 4017 1588 4081 lectionibus

357 4124 517 4202 Patrum3
535 4126 597 4190 sed
616 4143 687 4190 non
709 4126 789 4190 inde
808 4127 939 4205 solum';
960 4140 1043 4188 nam
1065 4133 1101 4188 et
1119 4124 1351 4188 concionibus
1369 4124 1587 4203 germanicis

357 4231 395 4294 P.
419 4231 563 4312 Canisii,
580 4233 626 4296 ad
645 4249 734 4315 quas
752 4233 802 4295 illi
825 4233 1015 4313 praecipue
1034 4231 1200 4305 veniunt,
1222 4247 1295 4294 non
1315 4247 1443 4310 parurn
1458 4229 1588 4310 iuvan-

356 4349 426 4401 tur.
441 4337 520 4402 Non
535 4339 628 4402 enim
641 4355 685 4402 ea
700 4347 853 4417 tantum,
870 4355 961 4419 quae
980 4338 1026 4401 ad
1044 4353 1184 4400 morum
1203 4333 1461 4400 'correctionem
1479 4339 1588 4417 perti·

357 4454 451 4525 nent,
467 4447 668 4510 vehementi
682 4447 807 4527 spiritu
821 4445 869 4508 ibi
883 4453 1002 4508 monet
1015 4443 1131 4522 Pater,
1148 4460 1274 4508 verum
1293 4444 1418 4520 etiam,
1435 4459 1527 4523 quae
1541 4445 1587 4508 ad

356 4552 590 4616 confutandas
604 4552 771 4616 haereses
784 4552 932 4629 faciunt,
949 4551 1162 4630 gravissime
1177 4559 1321 4614 tractat.

361 4665 571 4677 ---

396 4723 403 4744 “
432 4721 460 4766 Ρ.
471 4719 593 4767 Claudlos
603 4721 682 4776 Jalus,
693 4723 735 4776 qul
746 4729 821 4766 sexta
833 4721 943 4776 Augusti
955 4719 994 4764 dle
1005 4719 1080 4774 halus
1094 4721 1155 4765 anni
1171 4720 1224 4764 tota
1239 4721 1359 4774 spirltum
1375 4719 1487 4764 Domino
1500 4722 1584 4765 reddt-

357 4792 442 4838 derat.
