3390 5536
367 520 420 574 llll
751 517 923 574 errsaaa
942 532 1213 584 ouaoazuasraas

365 674 455 742 rent,
472 681 543 726 non
554 662 657 726 modo
677 663 852 726 secundas
871 661 916 724 ad
931 679 987 726 me
1007 663 1143 726 litteras
1161 661 1306 740 dedere,
1323 663 1451 744 quibus
1471 673 1510 726 ut
1531 662 1596 726 iter

366 780 502 833 mature
518 769 698 849 ingrediar
713 769 929 832 contendunt
945 768 1109 848 maxime,
1126 769 1310 832 sedetiam
1325 767 1371 831 ad
1387 766 1595 832 Pontificem

366 877 573 954 Maximum,
590 877 635 938 ad
655 875 880 939 Cardinalem
902 875 1103 955 blapheum,
1125 886 1159 939 et
1180 876 1226 939 ad
1245 875 1283 938 P.
1307 875 1347 939 t.
1373 875 1594 956 scripserunt

363 993 402 1046 ut
415 983 535 1064 jussus
547 983 783 1062 Argentinam
794 982 965 1046 amander
981 999 1156 1064 agamque
1173 983 1472 1046 concionatorem.
1491 981 1593 1046 Nunc

364 1107 407 1150 ea
423 1097 595 1167 concepta
611 1098 663 1150 est
684 1089 902 1167 exspectatio
917 1087 992 1151 sore
1014 1097 1051 1150 ut
1071 1088 1116 1150 ad
1135 1087 1335 1168 proximam
1355 1087 1425 1150 illis
1444 1086 1592 1167 quadra-

363 1195 537 1274 gesimam
563 1195 687 1257 adsim.
715 1193 822 1257 Novit
848 1204 966 1258 autem
987 1193 1161 1257 Dominus
1182 1203 1400 1275 quantopere
1423 1195 1469 1256 sit
1492 1211 1591 1275 opus,

364 1318 446 1365 cum
461 1302 497 1364 in
512 1301 591 1364 aliis
610 1301 823 1365 Germaniae
839 1301 988 1381 oppidis,
1006 1311 1080 1364 tum
1101 1301 1136 1364 in
1150 1301 1218 1363 hac
1237 1301 1526 1381 praeclarissima
1547 1303 1592 1363 ci-

365 1410 486 1486 vitate,
514 1426 615 1488 opus,
636 1407 791 1490 inquam,
813 1407 993 1471 fidissimis
1012 1407 1079 1471 Dei
1099 1408 1213 1470 servis
1234 1415 1269 1470 et
1290 1407 1474 1488 operariis.
1501 1407 1592 1470 Nam

363 1514 562 1594 Argentina
574 1517 669 1578 velut
681 1515 869 1578 haeresum
883 1525 1130 1594 sectarumque
1142 1514 1317 1578 sentinam
1328 1515 1483 1593 collegit,
1497 1525 1592 1595 post-

363 1639 469 1702 quam
493 1622 563 1686 illic
586 1624 682 1686 velut
706 1622 742 1684 in
761 1639 845 1684 arce
865 1631 1060 1699 regnarunt
1082 1621 1132 1684 illi
1150 1621 1369 1701 pestilenteS,
1389 1639 1456 1684 nec
1476 1621 1592 1684 minus

362 1729 577 1808 eloquentes,
594 1727 763 1807 BuceruS,
781 1727 922 1808 Capito,
944 1726 1130 1806 Sturmius,
1146 1726 1295 1804 Hedion,
1318 1726 1519 1808 similesque
1534 1745 1591 1806 pe·

362 1844 445 1897 stes.
460 1834 537 1913 Quo
549 1835 664 1913 magis
675 1833 854 1898 Christum
863 1833 1002 1914 precari
1012 1851 1078 1914 par
1087 1841 1140 1896 est
1151 1843 1189 1898 ut
1202 1834 1248 1897 ad
1258 1849 1411 1896 messem
1423 1833 1523 1918 illam
1534 1837 1592 1897 vel

362 1942 527 2004 meliores
539 1958 645 2023 quam
660 1959 728 2020 ego
743 1958 821 2003 sum
838 1959 880 2002 ac
892 1959 970 2003 esse
985 1942 1119 2020 possim
1138 1939 1254 2003 mittat
1269 1941 1463 2020 operarios
1488 1943 1546 2004 vel
1561 1943 1591 2004 si

362 2048 583 2112 obedientiae
595 2047 653 2128 Jus
668 2049 738 2112 tale
753 2047 836 2128 quid
852 2065 872 2110 a
887 2063 943 2109 me
958 2049 1122 2126 postulet,
1139 2063 1204 2108 sua
1219 2047 1294 2126 ipse
1309 2047 1438 2138 gratia,
1456 2048 1518 2128 qui
1532 2047 1589 2110 do-

361 2154 477 2217 minus
492 2164 545 2217 est
559 2155 685 2218 messis
696 2202 703 2232 ,
716 2155 877 2234 suppleat
890 2154 983 2234 quod
995 2151 1040 2216 ad
1051 2152 1275 2233 provinciam
1285 2170 1363 2216 eam
1375 2153 1442 2216 rite
1457 2153 1590 2217 obeun-

363 2260 497 2324 damin
511 2278 567 2324 me
583 2261 677 2323 omni
699 2260 839 2340 quidem
855 2278 899 2322 ex
919 2270 1020 2340 parte
1040 2258 1270 2322 desideratur.
1292 2260 1410 2340 Atque
1429 2259 1485 2324 his
1503 2277 1590 2323 sane

362 2366 508 2431 Patrum
521 2377 554 2430 et
566 2367 731 2430 Fratrum
741 2385 812 2430 non
825 2366 1008 2430 defuturas
1021 2367 1107 2430 mihi
1117 2384 1242 2447 preces
1252 2375 1348 2447 puto,
1363 2384 1452 2448 quas
1465 2366 1589 2430 arden·

360 2485 415 2536 ter
430 2474 572 2554 quidem
587 2491 779 2554 numquam
793 2491 863 2536 non
886 2483 1023 2554 expeto.
1046 2473 1075 2536 E
1091 2473 1217 2552 quibus
1240 2491 1346 2554 saepe
1364 2474 1415 2536 ita
1434 2474 1589 2555 pendere

359 2580 485 2643 videor
500 2579 586 2643 mihi
598 2589 635 2643 ut
649 2580 784 2643 firmius
799 2581 835 2644 in
851 2579 955 2643 terris
969 2578 1183 2658 praesidium
1199 2596 1272 2642 non
1284 2580 1475 2660 requiram.

418 2686 520 2750 Nunc
534 2689 739 2768 priusquam
754 2687 940 2751 absolvam
960 2686 1088 2765 omnia,
1110 2685 1252 2750 Christo
1272 2688 1409 2768 gratias
1430 2688 1588 2766 agendas

360 2794 512 2873 primum
528 2793 681 2856 arbitror
696 2794 800 2874 quod,
817 2794 908 2855 sicut
924 2793 960 2855 in
978 2791 1058 2855 aliis
1074 2792 1259 2856 christiani
1279 2793 1375 2856 orbis
1393 2794 1588 2874 provinciis

312 2912 315 2918 '
359 2901 574 2979 factumest,
592 2901 643 2963 sic
658 2900 763 2963 etiam
780 2901 822 2963 de
838 2899 1031 2962 Germania
1047 2907 1171 2962 nostra
1186 2900 1286 2962 brevi
1302 2900 1378 2963 sore
1393 2901 1586 2980 promittat;

358 3007 525 3070 nimirum
538 3017 577 3070 ut
592 3007 702 3070 variis
717 3008 754 3070 in
768 3007 855 3070 locis
869 3014 1051 3068 exstructa
1067 3006 1125 3068 hic
1140 3006 1291 3086 collegia
1310 3006 1513 3087 videamus,
1529 3009 1585 3072 ubi

358 3123 483 3176 contra
510 3113 590 3177 fidei
615 3114 736 3176 hostes
760 3113 932 3175 invictum
957 3111 1041 3194 Jesu
1062 3129 1192 3174 nomen
1211 3109 1363 3192 ejusque·
1387 3114 1585 3178 sodalitium

356 3221 461 3299 longe
476 3221 618 3301 lateque
632 3220 868 3300 resplendeat.

414 3325 468 3390 De
483 3325 678 3390 Viennensi
695 3325 853 3404 Collegio
867 3325 986 3388 dicere
1001 3325 1214 3404 supersedeo
1238 3324 1331 3405 quod
1348 3325 1425 3406 jam
1446 3327 1584 3408 optimis
1689 3307 1690 3335 ³

354 3451 492 3513 quoque
507 3432 741 3513 proventibus
756 3431 915 3495 dotatum
930 3441 994 3494 est.
1013 3430 1212 3494 Praecessit
1233 3431 1310 3496 Rex
1330 3431 1583 3498 Romanorum.
1688 3427 1689 3449 ¹

352 3539 456 3602 Hunc
471 3540 571 3620 sequi
586 3538 712 3602 ducem
727 3541 851 3602 volunt
866 3539 1047 3602 Electorcs
1071 3538 1141 3601 duo
1161 3538 1315 3619 imperii,
1338 3540 1582 3622 Archiepisco·

351 3663 417 3726 pus
432 3645 662 3725 Moguntinus
676 3655 710 3709 et
725 3645 958 3708 Trevirensis
976 3645 1161 3708 Accedunt
1176 3646 1257 3709 dein
1272 3646 1342 3710 duo
1358 3646 1529 3712 Germani
1548 3657 1583 3710 et

350 3752 417 3831 ipsi
433 3752 615 3832 Episcopi,
633 3751 914 3815 constantiensis
937 3760 971 3813 et
990 3751 1243 3832 Eystettensis,
1266 3753 1327 3832 qui
1346 3771 1427 3817 cum
1447 3755 1583 3835 regium

352 3859 532 3923 intuentur
546 3860 759 3938 exemplum,
772 3868 807 3921 et
823 3858 895 3922 suis
909 3868 1137 3938 prospectum
1151 3868 1298 3921 eatenus
1312 3863 1448 3940 volunt,
1462 3861 1506 3925 de
1516 3865 1583 3925 col-

351 3967 453 4046 legiis
468 3965 657 4030 Societatis
676 3965 901 4028 instituendis
920 3975 1077 4028 tractare
1097 3977 1301 4045 coeperunt.
1325 3967 1403 4045 Qua
1424 3967 1468 4032 de
1487 3987 1525 4032 re
1545 3977 1583 4032 ut

349 4083 499 4137 conatus
514 4072 657 4136 illorum
668 4074 735 4136 rite
747 4072 951 4150 succedant,
966 4071 1103 4150 illisque
1114 4069 1227 4150 major
1240 4085 1450 4138 exerceatur
1462 4087 1583 4140 nostra

348 4179 519 4258 charitaS,
541 4180 601 4242 ubi
620 4179 746 4260 procul
768 4179 874 4242 dubio
895 4177 1007 4257 major
1030 4195 1108 4240 sese
1123 4176 1228 4240 offert
1249 4180 1461 4260 necessitas,
1486 4182 1582 4246 Chri·

347 4297 441 4348 stum
455 4285 582 4348 merito
597 4287 821 4368 precabimur
838 4294 875 4348 ut
898 4283 1086 4348 Societatis
1107 4302 1202 4348 nova
1223 4286 1332 4348 veluti
1351 4288 1431 4350 luce
1453 4289 1582 4352 densas

347 4392 454 4472 pellat
473 4392 653 4471 tenebraS,
681 4410 772 4473 quae
793 4390 1024 4456 Germaniam
1046 4407 1204 4470 omnem,
1226 4400 1264 4455 ut
1286 4394 1419 4458 nullam
1440 4397 1582 4475 provin·

346 4499 440 4562 ciam
454 4497 686 4562 christianam
702 4498 819 4577 aliam,
838 4499 1087 4588 obscuravere.

405 4605 485 4669 Lux
499 4621 586 4666 vera
602 4603 764 4667 Christus
786 4622 851 4668 nos
873 4603 1040 4683 respiciat
1060 4603 1281 4686 illustretque
1301 4624 1442 4698 semper
1462 4609 1581 4688 gratia

346 4726 424 4776 sua.
440 4709 569 4773 Amen.
