935 1458
226 163 255 177 432
421 163 506 177 Lumen.
516 166 651 179 ouanmuzsrnss

227 200 327 219 visitarunt,
336 202 354 215 ut
362 199 448 215 foetorem
455 199 504 215 illum
511 199 617 215 sustinentes
622 212 626 219 ,
634 199 687 215 etiam
695 199 729 215 illis
736 199 840 218 assiderent,

226 226 269 242 dum
276 229 294 242 et
301 230 372 242 muscas
380 226 402 241 ab
410 226 435 241 eis
443 226 533 246 pellerent,
541 228 559 241 et
566 230 597 241 eos
604 226 658 241 etiam
663 226 686 242 ad
691 226 796 246 patientiam
802 226 841 242 hor·

226 255 312 269 tarentur.
320 252 380 273 Aliqui
387 257 431 268 vero
438 257 461 268 ex
469 252 494 268 eis
501 252 572 268 fuerunt
579 252 607 272 (de
615 252 658 268 viris
665 252 734 272 loquor)
741 253 788 268 inter
798 257 841 273 quos

225 280 297 300 quidam
305 282 344 295 erat
351 279 430 295 medicus
438 283 514 299 magnae
524 279 594 299 pietatis
604 281 652 295 certe
662 281 679 295 et
689 279 800 299 devotionis,
812 280 840 300 qui

226 306 253 322 bis
260 306 338 326 quotidie
346 310 377 322 eos
384 306 465 325 visitans,
474 306 498 321 im
505 306 564 326 plagis
570 310 632 321 eorum
640 306 751 326 medebatur,
761 309 781 322 ut
788 306 841 322 etiam

226 333 307 349 manibus
314 333 351 349 suis
358 335 375 348 et
383 333 452 348 lavaret
459 335 476 348 et
484 332 525 348 inde
532 336 602 348 vermes
612 333 721 352 extraheret;
731 335 748 349 et
758 333 841 353 quamvis

225 362 272 375 esset
280 360 314 375 illis
321 359 368 380 quod
376 362 455 379 agerent,
463 363 499 375 non
506 359 629 379 gravabantur
636 362 695 375 tamen
701 359 767 380 aliquid
775 362 841 380 tempo>

227 387 251 402 ris
258 391 281 402 ex
288 386 325 402 suis
333 386 410 406 negotiis
418 386 501 405 adimere,
508 388 527 401 ut
534 386 576 402 illud
584 386 667 402 membris
674 386 740 402 Christi
747 387 841 402 sublevan-

225 413 253 429 dis
262 413 403 433 impartiremur,
414 412 464 432 cujus
474 413 551 432 pretioso
561 413 648 432 sanguine
658 417 677 428 se
689 413 791 433 redemptos
801 417 841 429 esse

226 440 351 456 meminissent⁴
360 440 387 455 Ex
395 439 467 459 triginta
476 442 535 455 autem
543 439 594 459 pauci
600 439 743 459 supervixerunt,
749 440 810 455 nullus
817 442 840 455 ta-

225 471 265 482 men
273 466 309 482 fere
317 469 397 482 mortuus
405 469 437 484 est.
446 465 495 486 cujus
502 466 632 482 consessionem
639 465 658 481 Pi
667 466 755 482 Antonius
765 471 803 482 non
811 471 840 482 au>

225 493 297 513 diverit,
311 493 368 509 laetus
377 493 448 513 quidem
457 492 505 513 quod
516 497 547 508 eos
557 492 626 508 videret
638 492 704 508 Christi
716 493 840 509 misericordia

225 524 267 536 vere
274 520 334 535 animo
341 519 427 535 contritos
436 519 477 535 hinc
484 519 581 539 discedere;
589 524 612 535 ex
619 519 647 535 his
654 524 703 539 vero,
712 520 741 539 qui
749 519 840 539 vixerunt,

224 551 264 562 cum
272 550 336 562 novem
344 549 403 562 essent
408 546 480 562 omuino
486 546 534 565 nudi,
541 546 659 566 eleemosynis
664 548 723 562 tamen
729 546 805 562 istorum
812 546 840 562 dev

225 575 307 589 votorum
320 575 372 593 atque
385 573 454 593 piorum
464 572 543 588 virorum
554 575 571 588 et
581 573 682 592 mulierum,
693 573 737 588 satis
747 573 840 589 commode

225 600 283 615 vestiti
296 599 372 615 suerunt.
383 599 416 615 Die
429 603 473 615 vero
482 599 543 615 Sancti
555 599 654 619 Laurentii,
668 604 708 615 cum
721 599 744 615 ab
756 599 839 619 hospitali

224 626 297 646 egressi,
306 626 324 642 in
331 629 393 642 nostra
400 626 476 642 ecclesia
483 625 565 641 Patribus
573 626 638 641 nasu-is
648 621 812 642 consessi'suissent
823 629 839 642 et

223 653 390 671 communicassent,
399 652 516 672 coneionique
523 652 649 672 interfuissent,
658 657 688 668 eos
696 653 714 668 in
724 653 797 668 nomine
804 652 841 668 Do·

224 679 266 695 mini
274 679 372 695 dimisimus
380 679 433 695 etiam
440 683 476 695 non
484 679 521 695 sine
529 679 595 695 viatico
603 679 668 699 aliquo,
676 679 763 699 siquidem
770 679 807 695 duo
815 682 839 695 tar

223 706 261 722 reni
270 706 273 713 “
282 706 352 722 cuilibet
360 710 422 722 eorum
429 706 465 722 dati
472 705 543 721 fuerunt
548 706 612 726 quibus
617 706 669 722 facile
676 706 699 721 ad
707 710 757 725 suos,
765 710 807 722 curn
815 707 839 722 vi-

224 733 259 749 cini
267 735 332 752 essent,
340 732 429 753 proficisci
437 735 537 753 potuerunt.

253 759 281 775 De
285 759 405 775 confitentium
410 764 453 775 vero
459 759 570 775 multitudine
575 759 618 775 nihil
624 762 651 775 est
656 759 703 779 quod
709 759 793 779 scribam,
800 764 839 775 curn

222 786 259 806 jam
268 786 340 806 saepius
351 786 370 802 P,
381 789 422 802 tuae
432 786 529 802 indicatum
539 786 605 802 nostris
615 786 678 802 litteris
688 788 741 806 atque
751 786 839 806 significa-

223 815 260 828 tum
270 813 332 829 suerit:
343 812 385 829 illud
397 815 456 828 tamen
466 817 501 828 non
511 812 580 832 tacebo,
591 812 638 833 quod
649 813 721 828 omuino
731 817 799 828 novum
807 816 839 828 est.

223 839 265 855 Erat
273 839 302 855 hie
309 839 397 860 quaedam
404 839 508 859 juvencula,
518 843 563 859 quae
573 839 677 859 turpitudini
685 842 738 859 atque
748 839 839 859 impudici-

223 866 258 882 tiae
270 866 326 882 vitam
339 870 390 882 suam
400 866 501 882 addixerat:
512 870 551 882 eam
564 868 623 882 tamen
635 865 716 882 Christus
727 866 795 886 pietate
808 871 839 882 sun

223 895 312 911 moverat,
320 895 339 908 ut
348 897 358 908 a
366 895 440 912 peccato
447 892 470 908 ad
478 892 540 908 melius
549 892 596 908 vitae
606 892 706 908 institutum
715 897 754 908 sese
765 897 839 909 conver>

224 922 276 938 teret;
284 923 348 935 verum
355 919 417 939 nuptui
425 919 491 935 tradita
498 923 539 935 cum
546 923 557 935 a
565 919 604 934 viro
612 919 723 939 recessisset,
731 921 751 935 ut
758 919 810 935 canis
817 919 839 935 ad

224 946 309 961 vomitum
322 950 395 961 reversa
408 945 473 961 suerat:
487 945 552 961 revixit
564 948 624 961 tamen
636 950 683 961 nunc
694 946 763 961 demum
768 958 772 965 ,
786 950 840 966 quam

223 972 297 988 deliciae
305 973 364 988 carnis
372 973 449 992 pessime
455 972 574 992 perdiderant,
582 975 599 988 et
606 972 632 988 ita
639 972 712 992 revixit,
720 975 739 988 ut
747 973 839 993 peccatrix

223 999 342 1019 peccatricem
349 999 398 1015 illam
405 1001 494 1018 sanctam,
503 1003 556 1019 quam
563 999 581 1015 in
588 999 686 1019 Evangelio
694 999 777 1019 legimus,
790 999 840 1019 Mag-

223 1026 305 1041 dalenam
312 1025 358 1045 dico,
367 1026 432 1041 imitari
440 1025 528 1044 videatur;
536 1026 600 1041 etenim
607 1030 661 1046 saepe
668 1026 761 1042 confitetur
767 1028 784 1042 et
792 1030 839 1042 com-

224 1052 309 1071 municat,
318 1052 369 1068 brevi
376 1052 439 1072 etiam,
447 1056 500 1072 quem
507 1052 567 1068 dicunt
577 1052 657 1068 habitum
667 1053 714 1068 tertii
724 1053 792 1068 ordinis
802 1053 840 1068 divi

224 1078 323 1098 Francisci,
334 1079 400 1094 induet.
411 1078 457 1098 Quid
467 1078 525 1094 dicam
534 1079 556 1094 de
567 1079 635 1095 duobus
645 1079 784 1099 concubinariis,
797 1084 840 1100 quo*

223 1109 263 1121 rum
274 1105 318 1121 alter
326 1105 443 1121 concubinam
455 1110 487 1125 per
498 1105 591 1121 duodecim
601 1110 658 1121 annos
669 1106 693 1121 ita
703 1106 780 1125 aluerat,
789 1109 808 1122 ut
817 1107 839 1122 ab

223 1136 244 1147 ea
254 1136 287 1147 nec
297 1132 379 1151 precibus
389 1136 422 1147 nec
434 1132 487 1148 minis
499 1134 537 1148 toto
550 1132 579 1148 ino
592 1135 670 1152 tempore
683 1132 743 1148 divelli
755 1134 840 1153 potuerit,

222 1158 268 1174 alter
276 1162 318 1174 vero
327 1158 374 1174 domi
382 1158 443 1178 aliam,
455 1163 510 1174 uxore
520 1161 630 1179 contempta,
639 1159 763 1175 charissimam
775 1160 842 1176 habue-

244 1218 247 1226 ι
264 1217 296 1228 vien
302 1221 341 1232 ‚upra
347 1218 454 1232 pigmen-21⁴1.
