3400 5524
403 494 457 552 226
787 495 959 554 erransrt
978 511 1247 562 Ql'ADltlllssrltEs

403 649 499 704 ctum
511 649 545 702 et
558 638 734 703 Gandiam
743 648 920 720 petentem
932 641 1045 704 obiter
1056 640 1236 706 Concham
1248 641 1424 722 invisisse,
1435 653 1606 706 t'eterentct

402 748 555 810 nobilem
567 746 760 824 civitatem,
769 746 840 824 ubi,
851 765 931 810 cum
939 749 1129 811 multorum
1137 748 1302 828 precibus
1314 759 1407 811 esset
1418 750 1608 828 morigeran-

403 854 496 932 dum,
507 869 630 916 sacras
645 853 681 916 in
692 852 842 916 diversis
851 853 989 934 templis
995 853 1118 916 habuit
1130 855 1330 934 conciones,
1340 863 1440 918 tanto
1451 855 1609 920 hominum

402 961 555 1037 theatr0,
573 968 672 1022 tanto
694 977 841 1022 assensu
864 959 1075 1040 sapientium
1094 969 1128 1023 et
1146 961 1284 1040 populi,
1305 973 1343 1024 ut
1362 979 1507 1025 necesse
1523 962 1608 1025 fuerit

402 1066 574 1146 quosdam
588 1066 656 1128 illis
671 1066 746 1130 dies
757 1075 898 1147 praeter
909 1077 1063 1130 mentem
1075 1067 1172 1130 dare.
1186 1066 1339 1148 Ajebant
1351 1085 1421 1130 uno
1434 1086 1549 1132 omnes
1561 1087 1607 1131 ore

402 1173 635 1252 apostolicam
649 1172 846 1236 doctrinam
859 1173 895 1236 in
905 1190 947 1235 eo
960 1175 1129 1250 relucere,
1143 1192 1209 1236 nec
1221 1175 1435 1238 verebantur
1447 1175 1609 1255 quibusvis

401 1288 544 1342 nostrae
558 1280 777 1359 tempestatis
791 1280 890 1358 viris,
904 1296 992 1359 quos
1003 1279 1108 1343 modo
1122 1278 1305 1360 vidissent,
1323 1279 1428 1362 [eum]
1441 1282 1606 1345 anteferre.

402 1387 522 1448 Vitam
536 1403 582 1448 ex
595 1386 702 1465 lama,
718 1387 951 1450 humilitatem
965 1405 1010 1450 ex
1025 1387 1245 1451 sermonibus
1258 1389 1399 1462 mutuis,
1417 1390 1608 1452 modestiam

401 1512 445 1556 ex
460 1493 611 1572 incessu,
624 1493 847 1573 prudentiam
862 1511 907 1556 ex
922 1491 1211 1572 confessionibus,
1228 1494 1429 1558 doctrinam
1440 1505 1475 1558 et
1488 1497 1607 1574 religio·

400 1617 481 1662 nem
495 1618 540 1662 ex
548 1599 723 1681 publicise
734 1611 906 1679 suggestu
914 1600 1143 1663 concionibus
1158 1601 1382 1680 colligebant.
1398 1601 1606 1664 Omnesmire

399 1706 516 1769 affecit
530 1707 586 1770 vir
602 1723 703 1784 unus,
721 1707 783 1770 sed
799 1715 871 1769 tres
887 1707 1098 1787 praecipuos
1108 1706 1289 1769 Ecclesiae
1300 1724 1468 1786 proceres
1482 1708 1608 1786 insigni·

398 1813 530 1892 terqui,
545 1814 705 1876 nolentes
715 1813 843 1876 diutius
859 1812 970 1876 divini
981 1811 1132 1892 Spiritus
1144 1811 1318 1876 afflatibus
1331 1831 1437 1876 aures
1449 1815 1608 1887 obturare,

399 1921 584 1984 audierunt
602 1919 685 2000 quid
707 1920 742 1982 in
757 1936 795 1981 se
810 1920 1011 1999 loqueretur
1029 1919 1138 1998 Deus,
1161 1920 1369 2000 loquebatur
1389 1921 1483 1984 enim
1502 1939 1608 2000 pacem

401 2027 495 2106 plebi
514 2043 611 2104 suae,
627 2025 792 2089 Stradam
807 2027 945 2105 sequuti
960 2036 1052 2088 sunt.
1074 2025 1251 2088 Gandiam
1265 2038 1512 2106 pervenerunt.
1529 2027 1607 2106 Quid

397 2133 621 2196 emolumenti
635 2134 792 2213 ceperint
807 2134 899 2195 malo
915 2143 949 2195 te
964 2151 1008 2195 ex
1023 2133 1099 2212 ipso
1114 2131 1242 2196 Strada
1258 2132 1380 2196 audire
1395 2134 1533 2214 quando
1544 2132 1606 2212 jam

396 2240 500 2303 isthic
519 2239 642 2303 aderit.
660 2239 857 2301 Praeterire
872 2249 991 2302 tamen
1011 2237 1095 2302 illud
1113 2256 1184 2301 non
1200 2240 1326 2318 ausim,
1342 2240 1423 2319 pius
1443 2240 1608 2304 doctrinae

396 2348 614 2409 conchenses
639 2363 760 2408 omnes
784 2364 830 2408 ex
854 2346 1106 2408 canonicorum
1132 2347 1316 2425 repentina
1345 2348 1605 2428 metamorphosi

395 2453 606 2533 percepisse,
623 2469 730 2532 quam
745 2470 790 2514 ex
804 2451 934 2514 auditis
953 2462 1058 2514 antea
1079 2452 1307 2515 concionibus
1322 2453 1523 2517 hauserunt.
1539 2453 1606 2516 Dis·

395 2560 501 2622 cessit
512 2559 607 2622 illinc
618 2558 883 2638 Stradamagno
896 2558 1051 2621 civitatis
1062 2575 1235 2622 moerore:
1248 2559 1429 2640 pollicitus
1440 2571 1552 2623 tamen
1561 2571 1605 2620 est

393 2666 451 2742 iis,
468 2665 528 2744 qui
542 2665 818 2728 exercitamenta
830 2665 1025 2744 spiritualia
1036 2665 1233 2744 praelibare
1246 2667 1469 2746 satagebant,
1481 2666 1605 2730 Patrem

394 2771 622 2836 Villanovam
645 2771 905 2852 quamprimum
929 2771 1055 2849 affore,
1079 2773 1139 2852 qui
1167 2773 1323 2836 animum
1343 2773 1431 2854 ipsis
1452 2775 1605 2854 expleret

394 2879 487 2959 quod
509 2888 543 2941 et
565 2879 640 2958 ipse
660 2877 851 2942 Villanova
874 2879 978 2941 modo
1004 2878 1171 2958 implevit,
1195 2895 1278 2942 nam
1299 2888 1482 2943 transacto
1500 2896 1606 2942 mense

394 2986 576 3050 Concham
588 2995 641 3049 est
652 2985 842 3065 profectus
856 2985 927 3064 ubi,
940 2986 1023 3048 dum
1034 2983 1168 3048 Doctor
1178 2985 1343 3064 Vergara
1358 2985 1365 3016 ¹
1379 2987 1495 3051 itineri
1505 2987 1608 3050 accin-

391 3095 499 3173 gitur,
509 3092 702 3157 Villanova
715 3093 992 3156 exercitamenta
1004 3092 1140 3156 duobus
1148 3091 1236 3154 viris
1248 3095 1424 3156 concessit
1435 3093 1609 3163 nobilibus,

391 3199 494 3264 alteri
509 3200 681 3263 canonico
697 3200 898 3276 conchensi,
915 3199 1016 3262 alteri
1032 3199 1194 3262 canonici
1207 3216 1393 3279 germano;
1410 3210 1444 3263 et
1456 3219 1531 3264 cum
1543 3201 1609 3262 diu·

389 3309 459 3370 tius
473 3309 646 3370 remorari
662 3324 749 3387 prae
764 3306 934 3387 temporis
949 3305 1123 3384 angustiis
1138 3322 1210 3368 non
1224 3306 1357 3385 liceret,
1372 3307 1508 3375 aliosin
1518 3323 1610 3386 spem

390 3415 525 3479 reditus
545 3415 602 3478 sui
619 3413 770 3491 distulit,
788 3421 823 3476 et
844 3411 1048 3476 Valentiam
1061 3411 1156 3475 misit
1172 3412 1281 3475 alium
1295 3411 1462 3477 Conchae
1478 3413 1608 3478 canoni·

389 3539 470 3584 cum
487 3523 558 3585 illic
574 3521 812 3584 exercendum
825 3517 1111 3582 meditationibus
1126 3519 1281 3598 spiritus.
1298 3519 1372 3582 Nec
1387 3522 1519 3584 otiosus
1529 3521 1609 3583 inte-

389 3629 457 3691 rim
472 3627 536 3690 luit
550 3627 754 3691 Villanova.
770 3626 862 3689 Nam
876 3624 1035 3705 plurimis
1051 3625 1331 3690 confessionibus
1346 3628 1526 3692 audiendis
1538 3637 1611 3688 tam

390 3734 615 3812 generalibus
631 3750 737 3813 quam
752 3733 861 3796 etiam
875 3733 1002 3796 annuis
1015 3749 1088 3794 non
1102 3749 1235 3812 paucas
1250 3732 1358 3795 horas
1373 3733 1549 3814 impendit.

450 3840 540 3903 Cum
554 3838 719 3903 Conchae
735 3847 827 3902 esset
842 3837 1124 3920 SocietatisJesu
1135 3855 1263 3901 nomen
1274 3839 1547 3918 celeberrimum,
1559 3853 1611 3901 ta—

387 3947 496 4010 citum
511 3945 697 4009 consilium
708 3954 915 4024 magnatum
927 3945 1066 4024 priores
1077 3945 1231 4007 inierunt
1241 3953 1279 4007 ut
1291 3943 1480 4010 Societatis
1491 3947 1614 4010 Patres

387 4054 591 4116 invitarent.
605 4052 778 4115 Nimirum
789 4051 924 4115 fructus
935 4051 1132 4114 ubertatem
1142 4060 1389 4131 agnoscentes,
1400 4071 1503 4132 quern
1514 4071 1612 4134 prac-

387 4170 440 4224 ter
455 4159 576 4240 populi
590 4176 707 4223 mores
721 4159 977 4239 pristinamque
992 4157 1281 4221 consuetudinem
1301 4158 1337 4221 in
1359 4158 1436 4222 dies
1450 4161 1613 4224 viderunt

384 4269 637 4348 pullulascere;
655 4283 738 4329 nam
753 4282 833 4328 cum
848 4273 953 4327 antea
967 4265 1062 4327 nulla
1079 4265 1263 4328 civitatum
1277 4263 1472 4345 Hispaniae
1487 4270 1615 4348 procli·

385 4374 465 4437 vior
481 4375 516 4437 in
532 4375 664 4451 luxum,
682 4373 766 4435 etin
782 4371 923 4448 lastum,
940 4381 974 4433 et
985 4371 1219 4448 insolentiam,
1237 4379 1342 4451 atque
1352 4371 1458 4452 hujus
1469 4375 1617 4452 generis

422 4647 430 4680 ί
459 4646 714 4701 DoctorAlphonsus
731 4645 849 4690 Ramirez
867 4647 897 4688 de
914 4644 1042 4698 vergant,
1061 4645 1217 4689 conchensis
1227 4647 1373 4702 canonicus,
1389 4647 1420 4690 de
1438 4660 1577 4702 quosupra
1592 4654 1619 4694 ln

381 4719 476 4763 litteris
486 4718 513 4763 P.
524 4717 702 4771 christophori
714 4718 744 4760 de
755 4715 887 4770 llendozu,
898 4728 923 4760 n.
936 4727 986 4768 xer,
998 4727 1057 4771 pag.
1067 4717 1112 4759 ttl.
