3400 5532
337 497 392 556 310
722 495 893 556 Lmraaae
913 511 1182 562 Quanamasraes

397 643 579 722 Elegimus
594 649 778 722 praeterea
797 641 903 720 duos,
924 642 984 722 qui
998 658 1085 721 prae
1105 641 1255 704 caeteris
1271 641 1485 704 authoritate
1506 658 1566 702 va·

335 750 467 828 lebant,
484 765 634 829 quorum
648 748 692 812 sit
708 748 860 812 officium
871 749 950 811 lites
962 749 1107 830 quasvis
1119 748 1295 827 deponere
1308 765 1349 810 ac
1362 747 1566 811 inimicitias

337 858 413 920 sive
428 855 641 934 discordias;
658 856 856 934 regnabant
865 855 958 918 enim
969 855 1141 936 plurimae
1152 855 1325 918 sactiones
1336 863 1442 934 atque
1454 855 1565 917 homi-

337 965 446 1029 cidia:
462 965 520 1026 hie
535 961 641 1026 audio
661 981 731 1026 uno
746 963 803 1027 die
822 963 1077 1044 quinquaginta
1095 964 1233 1026 occisos
1252 960 1376 1038 fuisse,
1401 962 1448 1024 ibi
1464 978 1565 1024 sexa·

335 1073 446 1152 ginta,
458 1071 540 1134 alibi
552 1081 694 1133 centum
705 1069 957 1150 quadraginta:
969 1069 1089 1132 omnia
1101 1070 1241 1133 demum
1251 1068 1451 1131 homicidiis
1460 1071 1565 1148 plena

338 1187 373 1240 et
398 1177 639 1241 seditionibus.
662 1176 691 1240 Ο
717 1185 801 1257 quot
825 1177 1086 1256 oppressiones
1114 1185 1198 1256 quot
1220 1185 1342 1254 raptus
1368 1175 1562 1255 virginum,

338 1294 422 1365 quot
437 1285 634 1363 latrocinia,
652 1292 734 1365 quot
756 1284 960 1347 violentiae!
978 1293 1011 1346 et
1031 1284 1149 1346 adhuc
1168 1286 1295 1363 plagae
1315 1285 1444 1346 calent.
1467 1283 1513 1346 Et
1529 1293 1565 1344 ut

338 1409 457 1470 unum,
478 1391 571 1455 unde
591 1401 732 1454 caetera
747 1389 929 1470 conjicieS,
951 1389 1113 1468 referam,
1139 1390 1185 1454 ad
1204 1390 1441 1471 quadraginta
1462 1407 1509 1452 ex
1524 1390 1567 1452 iis

338 1500 397 1578 qui
416 1499 534 1563 occiso
555 1499 695 1562 cuidam
714 1497 891 1578 conjuncti
910 1505 1027 1576 erant,
1051 1498 1085 1560 ln
1106 1494 1286 1576 conjectos
1309 1495 1317 1526 ¹
1337 1497 1481 1577 quidam
1501 1496 1565 1560 Ta-

339 1607 461 1669 narius
480 1605 661 1684 sigillatim
681 1605 845 1668 evocavit
864 1613 909 1683 et,
931 1604 1084 1668 securim
1104 1605 1140 1667 in
1158 1621 1267 1668 manu
1286 1605 1432 1683 habenS,
1449 1603 1566 1683 capite

339 1713 531 1787 truncavit;
549 1729 593 1774 ne
608 1712 668 1775 uni
683 1711 823 1792 quidem
837 1712 1006 1792 pepercit,
1022 1721 1057 1774 et
1072 1720 1190 1776 tamen
1204 1719 1291 1774 natu
1306 1711 1454 1790 grandis
1476 1721 1564 1773 erat.

339 1819 450 1882 Electi
466 1827 548 1882 sunt
561 1819 671 1898 igitur
685 1816 883 1898 hujusmodi
902 1818 1001 1897 pacis
1021 1819 1280 1896 conciliatores,
1301 1827 1336 1880 et
1356 1833 1566 1897 componen-

236 1925 237 1933 ’
339 1927 465 1990 darum
484 1925 744 1989 dissensionum
762 1925 923 2003 modum,
939 1934 978 1988 ut
992 1941 1060 2003 ego
1075 1925 1111 1988 in
1125 1923 1277 1986 Domino
1293 1924 1499 2002 sentiebam,
1517 1924 1567 1985 eis

338 2032 483 2112 tradidi;
497 2043 531 2096 et
546 2033 695 2111 singulis
710 2032 904 2112 quibusque
914 2031 1014 2095 sestis
1030 2031 1244 2110 congregari
1256 2048 1337 2094 cum
1347 2030 1427 2093 filiis
1439 2029 1566 2092 debent

338 2141 374 2203 in
389 2139 560 2218 ecclesiiS,
577 2149 615 2202 ut
630 2139 862 2202 christianam
881 2139 1081 2201 doctrinam
1100 2138 1239 2218 utrique
1261 2137 1458 2201 addiscant.
1478 2136 1565 2200 Ver·

338 2259 463 2311 santur
478 2247 571 2310 enim
589 2246 626 2309 in
639 2245 797 2308 maxima
812 2245 1014 2324 ignorantia
1036 2245 1104 2309 Dei
1124 2253 1159 2308 et
1178 2262 1297 2308 rerum
1316 2243 1564 2324 spiritualium;

337 2355 430 2417 unde
445 2355 536 2416 inter
547 2355 655 2416 hosce
667 2362 804 2415 montes
817 2360 890 2415 tam
900 2353 1010 2415 multa
1021 2350 1212 2415 homicidia
1223 2352 1386 2432 malaque
1398 2351 1469 2414 alia
1482 2361 1565 2413 nata

338 2469 429 2524 sunt.

396 2566 602 2646 Delegimus
627 2567 734 2630 etiam
758 2565 941 2645 foeminaS,
968 2585 1058 2646 quae
1078 2565 1298 2630 infirmorum
1317 2583 1440 2629 curam
1462 2566 1566 2628 habe·

336 2684 431 2753 rent;
448 2674 561 2755 primo
577 2674 719 2753 quidem
733 2683 771 2739 ut
786 2673 1020 2737 confiteantur
1035 2682 1069 2736 et
1085 2674 1362 2751 communicent;
1379 2672 1521 2752 deinde,
1539 2675 1568 2735 si

312 2814 319 2829 ·
335 2797 511 2863 pauperes
525 2780 667 2858 suerint,
680 2788 719 2843 ut
734 2781 871 2860 aliquos
883 2779 926 2843 de
938 2780 1232 2860 congregatione,
1246 2788 1284 2841 ut
1294 2779 1378 2858 dixi,
1393 2779 1565 2856 instituta,

335 2906 399 2969 per
414 2887 583 2969 oppidum
599 2887 749 2964 mittant,
775 2887 833 2967 qui
852 2887 1057 2950 necessaria
1078 2886 1226 2951 infirmis
1245 2895 1385 2950 curent:
1408 2887 1455 2949 ad
1479 2903 1570 2966 quas

337 2996 446 3058 etiam
460 2994 650 3075 pertinebit
665 2993 822 3072 dissidia,
840 3011 930 3074 quae
948 2994 1039 3057 inter
1049 2993 1221 3056 foeminas
1236 2993 1412 3072 accidunt,
1427 3010 1588 3073 compo,

336 3119 433 3166 nere.
451 3101 508 3165 Ad
528 3101 759 3164 christianam
779 3102 886 3164 etiam
903 3101 1103 3164 doctrinam
1123 3099 1334 3163 audiendam
1353 3100 1478 3163 iisdem
1498 3101 1566 3163 die-

335 3210 400 3272 bus
415 3209 515 3272 iestis
532 3208 659 3270 debent
672 3207 875 3285 convenire,
892 3207 1051 3287 filiasque
1066 3207 1103 3270 in
1113 3207 1283 3287 pudicitia
1295 3224 1367 3269 non
1380 3207 1417 3269 in
1428 3206 1571 3269 choreis

335 3326 370 3378 et
388 3315 528 3395 pompis
547 3313 713 3393 enutrire,
737 3322 776 3376 ut
796 3315 968 3376 hactenus
988 3330 1069 3377 cum
1095 3329 1225 3392 magno
1252 3314 1413 3392 corporis
1437 3322 1472 3376 et
1492 3313 1565 3376 ani-

335 3439 414 3485 mae
426 3422 555 3485 damno
567 3420 739 3484 lecerunt.
756 3420 846 3484 Tam
856 3420 954 3500 ipsae
969 3437 1076 3501 quam
1086 3419 1155 3483 viri
1166 3429 1204 3483 ut
1217 3419 1363 3482 Missam
1375 3419 1521 3482 audiant
1532 3430 1568 3481 et

336 3545 506 3592 coronam
525 3545 588 3590 seu
608 3528 783 3591 rosarium
798 3526 952 3606 quotidie
973 3526 1103 3604 dicant,
1123 3525 1255 3606 ieiunia
1276 3526 1321 3588 ab
1339 3526 1502 3589 Ecclesia
1518 3527 1566 3590 in·

337 3635 445 3698 ducta
460 3635 660 3713 observent,
677 3643 712 3696 et
732 3645 853 3697 mutua
875 3633 1049 3696 charitate
1070 3651 1107 3696 se
1124 3634 1413 3713 complectantur,
1431 3631 1570 3696 efficere

337 3741 553 3806 curavimus
569 3740 671 3819 Quod
681 3757 744 3820 per
755 3740 822 3803 Dei
832 3739 988 3820 gratiam
999 3741 1302 3803 seobservaturos
1314 3739 1565 3820 promiserunt.

399 3846 548 3910 Multum
562 3847 669 3910 etiam
683 3847 948 3926 lachrymarum
962 3845 1127 3909 fuderunt
1142 3845 1347 3909 sacerdotes
1358 3854 1393 3908 et
1409 3846 1491 3909 laici
1506 3863 1570 3926 per

337 3955 438 4017 verbi
454 3953 521 4016 Dei
541 3955 719 4018 virtutem.
743 3954 788 4017 Et
806 3971 934 4017 revera
956 3953 1201 4016 admirandam
1223 3953 1317 4016 vitae
1337 3953 1569 4016 mutationem

337 4079 415 4124 esse
428 4060 562 4123 factam
577 4070 657 4140 post
672 4061 823 4140 primam
837 4061 1089 4138 visitationem,
1106 4061 1141 4124 in
1157 4061 1225 4122 hac
1241 4059 1396 4122 secunda
1412 4058 1568 4124 animad-

338 4177 450 4232 verte.
470 4165 572 4229 Adeo
592 4175 630 4229 ut
648 4166 721 4229 fere
748 4184 870 4230 omnes
889 4165 1013 4230 diebus
1029 4167 1215 4230 dominicis
1237 4167 1514 4240 communicent,
1536 4176 1570 4229 et

338 4286 412 4338 tam
423 4273 627 4336 sacerdotes
638 4290 745 4352 quam
751 4274 860 4336 laicos
872 4275 908 4336 in
917 4273 1245 4354 pietateprosecisse
1259 4283 1443 4354 tantopere
1452 4273 1567 4342 video,

338 4391 377 4444 ut
392 4379 469 4443 Deo
485 4378 680 4443 ineffabiles
695 4379 892 4458 gratiarum
907 4381 1066 4443 actiones
1081 4381 1284 4444 debeantur.

400 4487 445 4551 Et
463 4497 502 4550 ut
521 4485 720 4548 devotionis
745 4485 887 4565 aliquod
913 4486 1055 4565 signum
1080 4487 1142 4549 tibi
1167 4485 1334 4565 referam,
1356 4486 1510 4566 quodam
1533 4487 1569 4549 in

384 4655 392 4687 ¹
423 4653 473 4708 Slc;
492 4655 538 4697 sed
557 4653 621 4698 haec
642 4654 732 4697 iisdem
752 4653 805 4696 lere
825 4653 913 4714 verbis
930 4659 1054 4698 enarrata
1070 4655 1129 4698 vide
1144 4655 1170 4699 in
1186 4655 1313 4706 Ponaaco,
1333 4654 1489 4708 chronicon,
1507 4663 1526 4698 t.
1544 4665 1570 4706 ιι,

340 4735 382 4769 an
393 4726 453 4780 1551,
465 4735 488 4768 n.
499 4725 534 4780 77,
546 4736 606 4780 pag.
620 4725 665 4768 199.
