3460 5524
347 470 400 529 108
721 470 890 532 erraaaa
915 485 1184 540 Qunnnmasraas

346 617 493 680 stimare
507 617 601 697 quod
615 632 695 680 sum
709 615 758 680 illi
773 615 928 681 offensus
941 626 976 680 et
991 616 1057 679 sibi
1076 616 1239 680 conscius
1254 616 1352 680 addit
1371 635 1408 680 se
1428 634 1580 698 quoquo

346 739 491 786 causam
505 723 597 787 scire
613 722 633 787 ¹.

406 828 566 895 Meminit
586 839 621 894 et
641 831 844 911 praedictus
867 829 1041 895 Dominus
1060 829 1195 894 Crocus
1215 831 1320 896 unius
1343 841 1404 895 aut
1424 832 1581 894 alterius

345 935 441 999 docti
454 936 535 1017 viri,
555 937 680 1001 itinere
699 937 849 1002 duorum
869 937 1004 1001 dierum
1023 937 1257 1001 habitantium
1278 956 1299 1000 a
1319 938 1502 1020 praedicto
1517 937 1579 1002 In·-

345 1043 526 1123 quisitore,
550 1061 700 1126 quorum
721 1043 829 1108 corda
844 1043 998 1124 incoepit
1016 1042 1113 1107 Deus
1127 1061 1271 1107 movere
1290 1062 1355 1125 per
1374 1043 1574 1108 discessum

345 1149 488 1213 Domini
502 1149 616 1214 Croci.
633 1149 795 1231 Proinde,
808 1148 914 1214 Pater
927 1149 1145 1228 Reverende,
1157 1167 1202 1218 ne
1214 1151 1341 1231 denuo,
1357 1151 1462 1215 sicuti
1474 1169 1580 1214 anno

345 1257 550 1335 praeterito,
566 1256 695 1322 nimiae
710 1257 908 1322 timiditatis
918 1258 1045 1322 vitium
1056 1257 1221 1336 incidam,
1238 1243 1395 1322 modeste
1410 1275 1490 1322 cum
1501 1256 1572 1321 Dei

344 1363 463 1441 gratia
488 1364 596 1428 semel
614 1363 723 1428 statui
741 1363 894 1428 invisere
918 1373 1039 1445 partes
1065 1363 1144 1427 illas
1164 1373 1209 1442 et,
1235 1361 1389 1426 Domino
1411 1362 1577 1443 jubente,

345 1469 467 1533 laxare
481 1479 568 1550 rete,
585 1470 614 1534 si
628 1469 719 1534 sorte
734 1471 867 1551 aliquid
887 1469 1036 1552 capiam.
1052 1469 1133 1552 Jam
1147 1479 1226 1551 post
1243 1470 1334 1534 festa
1345 1480 1576 1552 pentecosta·

343 1576 391 1638 lia
413 1593 467 1656 eo,
488 1575 641 1641 Domino
663 1579 820 1655 volente,
841 1577 1008 1658 incipiam
1027 1577 1214 1657 proficisci,
1237 1577 1413 1642 humiliter
1435 1595 1580 1658 rogans

344 1681 382 1746 P.
400 1683 445 1747 V.
466 1693 505 1747 ut
519 1683 590 1748 mei
611 1695 646 1748 et
665 1685 820 1748 omnium
840 1701 978 1748 mecum
999 1684 1180 1764 agentium
1199 1683 1235 1746 in
1254 1684 1327 1748 suis
1348 1684 1578 1748 orationibus

345 1791 552 1855 meminerit.
566 1789 731 1855 Similiter
748 1807 880 1871 rogans
894 1789 933 1853 P.
949 1791 1151 1870 Polancum,
1164 1791 1387 1872 reliquosque
1397 1800 1520 1872 patres
1535 1801 1573 1855 et

341 1896 471 1962 fratres
485 1915 618 1962 omnes.

402 2002 597 2084 Postremo,
612 2002 718 2069 Pater
729 2004 817 2084 R.‘¹0,
831 2016 869 2069 ut
884 2022 965 2069 cum
976 2004 1143 2068 studiosis
1152 2004 1287 2084 possim
1297 2002 1466 2084 majorem
1477 2005 1573 2068 inire

343 2111 536 2175 amicitiam
551 2111 672 2176 sedulo
689 2130 771 2175 cum
785 2110 854 2177 Dei
868 2112 985 2191 gratia
998 2130 1053 2175 me
1069 2120 1275 2174 curaturum
1297 2109 1447 2186 confido,
1471 2121 1506 2174 et
1522 2129 1575 2182 erc

341 2233 411 2296 quo
426 2216 579 2298 undique
594 2220 719 2298 accepi
731 2218 868 2282 litteras
882 2218 950 2281 hac
963 2218 1006 2282 de
1017 2234 1056 2280 re
1067 2219 1250 2297 loquentes
1264 2227 1299 2280 et
1312 2215 1442 2281 nimiae
1454 2216 1568 2298 cujus-

341 2325 424 2388 dam
439 2325 636 2388 solitudinis
653 2342 710 2388 me
730 2334 932 2404 arguentes,
954 2341 1033 2388 cum
1054 2342 1149 2388 novo
1169 2324 1321 2404 quodam
1341 2326 1471 2403 animo,
1495 2323 1567 2388 Do-

341 2431 435 2494 mino
449 2432 675 2514 concedente,
687 2448 743 2495 me
755 2431 944 2494 emendare
952 2432 1063 2511 coepi.
1077 2429 1129 2494 Sit
1139 2431 1215 2511 ipse
1226 2431 1440 2495 benedictus.
1452 2430 1574 2495 Doleo.

340 2555 426 2601 sane
447 2536 665 2618 tepiditatem
684 2555 799 2601 meam
820 2538 915 2619 quod
931 2537 977 2601 ad
995 2539 1063 2600 ista
1082 2537 1132 2600 ita
1150 2538 1271 2616 urgeri
1291 2545 1326 2600 et
1345 2535 1568 2602 exstimulari

339 2643 518 2723 deberem;
542 2643 650 2708 miror
668 2661 754 2708 vero
774 2654 809 2707 et
831 2644 1037 2724 congaudeo
1058 2644 1207 2708 bonitati
1221 2642 1301 2722 Dei,
1321 2661 1390 2724 qua
1410 2645 1495 2708 mihi
1514 2645 1566 2707 in-

339 2750 447 2828 digno
463 2759 536 2813 tam
551 2752 703 2815 diversis
716 2752 840 2815 mediis
855 2736 1062 2816 succurrere
1074 2751 1252 2830 dignatur.

399 2854 506 2920 Plura
525 2858 561 2921 in
581 2859 862 2939 praesentiarum
875 2858 1060 2922 scribenda
1074 2876 1145 2921 non
1161 2869 1366 2938 occurrunt,
1387 2860 1455 2923 nisi
1469 2861 1566 2939 quod

340 2980 462 3026 omnes
484 2981 550 3027 nos
574 2964 861 3029 commendamus
881 2965 1100 3029 orationibus
1119 2963 1157 3026 Ρ.
1186 2964 1231 3028 V.
1256 2966 1479 3049 omniumque
1500 2965 1566 3030 Pa-

345 3078 438 3132 trum
453 3087 496 3133 ac
514 3069 691 3150 Fratrum,
708 3079 742 3133 et
757 3072 936 3151 poscimus
953 3071 1144 3152 participes
1167 3087 1244 3134 esse
1263 3071 1565 3152 indulgentiarum

340 3175 426 3238 anni
437 3175 591 3256 jubilaei.

400 3281 563 3362 Lovanii,
577 3283 620 3347 22
632 3284 717 3365 Maji
732 3302 825 3348 anno
840 3283 922 3348 Dni.
941 3283 1028 3348 1550.

400 3387 531 3453 Vester
545 3390 676 3454 inutilis
691 3408 816 3456 servus
829 3403 863 3456 et
877 3391 913 3456 in
927 3391 1019 3456 Dn0.
1035 3392 1126 3457 filius
1140 3389 1318 3468 indignus.

1021 3571 1206 3637 Annianus
1228 3573 1384 3658 Aomaur

1120 3681 1153 3723 ab
1167 3679 1321 3734 Antnerpla.

399 3914 677 3996 Superscrr'ptz'o.
694 3861 778 3981 lits.
796 3915 874 3979 R.<¹⁰
895 3919 930 3980 in
945 3917 1008 3982 Χ.ο
1023 3917 1121 3982 Patri
1136 3939 1179 3984 ac
1194 3921 1298 4000 Duo,
1323 3921 1435 4002 Mgro.
1460 3922 1565 4002 Igna-

337 4021 406 4103 tio,
435 4021 642 4105 Praeposito
671 4022 860 4088 Societatis
887 4025 988 4108 Jesu,
1019 4027 1113 4107 apud
1138 4025 1308 4091 Sanctum
1336 4029 1496 4092 Marcum
1527 4029 1565 4092 in

337 4126 372 4192 S.
389 4128 503 4193 Maria
517 4130 560 4193 de
575 4128 715 4210 Strada,
732 4129 877 4194 Romae.

397 4234 484 4298 Alt'a
497 4253 606 4298 manu
616 4254 628 4299 .·
642 4237 672 4313 5,
689 4237 840 4302 Lovanii
855 4237 955 4302 XXII
968 4238 1064 4320 Maji,
1084 4239 1172 4302 1550.

377 4400 387 4433 ¹
414 4401 527 4454 Joannes
536 4401 633 4458 Pallet,
644 4403 674 4448 tle
685 4415 735 4459 quo
745 4405 783 4449 ita
794 4403 926 4461 perplace,
937 4409 954 4450 l.
965 4418 1000 4461 c..
1012 4418 1071 4462 pag.
1083 4408 1121 4462 ot,
1132 4415 1184 4452 not.
1201 4409 1233 4452 1.:
1252 4408 1351 4461 “Quant
1362 4412 1377 4452 a
1391 4409 1569 4465 l'lnquislteur

337 4470 401 4523 Jean
412 4471 504 4528 Pallet,
514 4485 546 4518 on
556 4475 607 4520 salt
618 4475 678 4530 qu'll
688 4476 753 4521 etalt
764 4476 889 4521 chanolne
899 4479 931 4521 de
940 4480 966 4522 la
977 4478 1111 4534 colleglale
1122 4479 1152 4522 de
1164 4479 1347 4534 Salat-Plerre,
1358 4481 1455 4533 aLille,
1464 4489 1490 4525 et
1501 4484 1564 4536 qu‘ll

338 4543 376 4587 lut
386 4547 486 4588 nomme
496 4556 527 4588 en
539 4545 592 4590 toto
601 4545 758 4600 lnqulalteor
773 4548 839 4592 local
856 4559 921 4603 pour
935 4550 961 4592 la
977 4547 1089 4593 Flandre
1100 4551 1227 4601 vallonne,
1241 4563 1272 4594 en
1287 4555 1368 4596 meme
1384 4557 1468 4607 temps
1478 4564 1528 4607 que
1539 4555 1566 4597 le

337 4615 422 4669 dosen
431 4616 462 4660 de
473 4615 580 4671 Renaix,
592 4617 680 4662 Plerre
691 4617 833 4663 Tltelmans
843 4621 874 4664 de
884 4619 998 4675 Hasselt,
1008 4621 1073 4665 etalt
1086 4633 1176 4676 proma
1186 4633 1237 4666 aux
1252 4626 1347 4668 memes
1362 4623 1488 4668 lonctlons
1498 4635 1568 4679 pour·

339 4687 366 4730 la
376 4685 488 4732 Flandre
499 4689 687 4744 flammante„
698 4689 763 4734 Vide
775 4691 854 4735 etlam
865 4691 959 4736 Cartas
969 4693 1002 4736 do
1011 4692 1065 4736 San
1076 4694 1191 4748 lgnncr'o,
1201 4701 1219 4738 t.
1230 4705 1265 4746 vt,
1276 4705 1335 4750 pag.
1345 4694 1383 4738 321
1395 4702 1421 4738 et
1431 4695 1479 4738 513.
