3390 5536
400 479 455 537 511
789 477 959 536 erraaaa
979 493 1247 544 ouaumuesraas

400 624 458 703 qui
468 621 534 684 hoc
545 622 742 686 institutum
753 622 935 686 coelitusF
937 625 1093 688 errariae
1102 624 1304 704 demissum,
1315 625 1556 706 antequamde
1565 643 1613 686 sua

396 729 581 810 juventute
597 739 715 792 actum
734 739 842 808 esset,
860 730 1022 793 dictitant
1037 740 1071 793 et
1090 731 1179 794 inter
1198 740 1300 811 gesta
1316 732 1502 810 praeclara
1525 731 1614 794 Ducis

400 837 467 898 hoc
478 837 535 898 vel
547 836 582 899 in
594 836 717 916 primis
731 855 807 899 esse
820 837 1075 901 collocandum.
1089 837 1183 901 Reor
1194 849 1228 901 et
1239 838 1306 918 ipsi
1318 837 1410 902 Duci
1419 855 1494 902 non
1506 856 1613 918 parum

394 942 606 1023 jucundum3
622 961 704 1006 nam
719 945 861 1023 saepius
875 945 980 1008 aedes
994 953 1136 1007 nostras
1150 945 1383 1024 praeteriens,
1401 943 1486 1008 dum
1506 963 1614 1024 nempe

400 1067 481 1113 cum
495 1051 619 1130 paucis
634 1050 742 1114 animi
757 1069 865 1113 causa
879 1051 1007 1114 lustrat
1022 1052 1159 1131 urbem,
1177 1068 1267 1133 equo
1283 1052 1328 1115 ad
1343 1069 1482 1115 murum
1498 1054 1554 1114 vel
1566 1070 1614 1131 po-

399 1157 470 1220 tius
481 1157 652 1237 parietem
664 1157 826 1238 deduct0,
840 1167 946 1238 caput
957 1158 1169 1236 transenniS,
1183 1159 1322 1239 quaein
1333 1157 1452 1221 vicum
1463 1169 1612 1237 vergunt,

398 1264 567 1326 admovet
583 1273 617 1326 et
632 1273 693 1327 aut
707 1273 974 1345 praeceptorem
996 1266 1186 1343 legentem,
1211 1264 1241 1327 is
1261 1273 1314 1328 est
1333 1263 1500 1328 Andreas
1519 1265 1613 1328 Bono·

397 1370 541 1449 niensis,
555 1380 778 1451 autpuerum
792 1371 980 1450 quemdam
994 1380 1165 1450 orantem,
1179 1381 1240 1434 aut
1255 1381 1375 1434 mutuo
1390 1371 1614 1452 disceptantes

400 1495 523 1540 omnes
539 1478 692 1540 intuetur
708 1488 743 1540 et
757 1478 864 1542 audit.
881 1475 910 1540 F
912 1478 986 1540 axit
1001 1477 1275 1557 benignissimus
1288 1479 1408 1560 JesuS,
1430 1476 1511 1558 Opi.
1532 1477 1614 1539 illax.

399 1584 510 1661 DeuS,
526 1594 564 1646 ut
575 1584 718 1647 tandem
732 1585 815 1664 quid
831 1584 897 1646 sibi
912 1585 1054 1664 suisque
1069 1585 1296 1648 emolumenti
1310 1584 1394 1666 Jesu
1409 1582 1564 1647 Societas
1579 1584 1614 1644 sit

399 1691 566 1768 allatura,
584 1691 615 1754 si
630 1708 708 1754 eam
721 1691 758 1753 in
773 1710 814 1754 eo
829 1691 943 1771 pretio
959 1691 1105 1769 habeat,
1120 1708 1190 1770 quo
1205 1690 1323 1768 debet,
1348 1691 1536 1770 intelligat!
1558 1690 1615 1752 Hic

397 1805 471 1860 tam
486 1799 596 1861 multa
611 1797 833 1860 scholasticis
848 1797 891 1860 de
910 1798 1015 1861 rebus
1033 1797 1153 1876 retuli,
1179 1797 1218 1861 P.
1240 1807 1331 1878 opt,
1353 1815 1423 1878 quo
1444 1797 1539 1861 noris
1560 1815 1615 1876 pro

398 1904 540 1967 modulo
556 1922 620 1967 suo
636 1905 691 1967 sui
706 1921 878 1984 quemque
894 1903 998 1967 officii
1012 1905 1187 1967 rationem
1202 1903 1343 1967 habere.

458 2011 504 2074 Ut
523 2021 640 2074 autem
660 2011 705 2074 ad
730 2011 927 2090 spiritualia
949 2011 1106 2089 veniam,
1129 2011 1254 2073 unicus
1273 2010 1348 2073 fere
1370 2019 1424 2074 est
1444 2009 1485 2074 R.
1505 2009 1540 2074 P.
1560 2009 1612 2072 Pa-

396 2118 575 2196 schasius,
592 2118 652 2197 qui
667 2118 779 2180 sacris
795 2119 898 2198 plane
914 2117 1079 2196 operibus
1099 2127 1204 2180 vacat
1223 2117 1361 2198 illisque
1383 2127 1437 2180 est
1456 2117 1614 2181 deditissi-

396 2241 490 2302 muS,
508 2241 599 2305 quae
613 2243 682 2287 non
700 2224 827 2288 minori
842 2224 1040 2303 sagacitate
1055 2233 1089 2287 et
1111 2223 1285 2287 industria
1304 2241 1411 2305 quam
1431 2224 1565 2288 fervore
1587 2233 1613 2286 et

396 2331 513 2393 studio
530 2340 672 2394 tractat.
693 2331 856 2410 Quotidie
876 2330 1052 2394 nonnullis
1072 2331 1242 2393 exercitia
1257 2331 1456 2411 spiritualia
1476 2330 1613 2410 imperti·

397 2447 466 2514 tur,
494 2445 528 2498 et
550 2436 641 2499 inter
667 2437 754 2500 alios
774 2437 984 2516 quibusdam
997 2436 1033 2499 in
1052 2436 1236 2500 altioribus
1257 2437 1440 2515 dignitatis
1460 2437 1614 2516 gradibus

396 2542 596 2606 constitutis
611 2543 698 2605 viris
713 2552 819 2623 atque
838 2542 1019 2620 matronis,
1042 2551 1076 2604 et
1090 2541 1231 2622 quidem
1245 2560 1317 2607 non
1331 2543 1466 2623 paucis.
1484 2543 1613 2606 Interim

395 2651 525 2730 quippe
541 2649 662 2712 decem
676 2658 711 2713 et
725 2650 888 2713 undecim
903 2649 1028 2712 eodem
1043 2649 1098 2712 die
1113 2652 1203 2712 solet
1216 2668 1259 2713 ea
1274 2651 1447 2714 conferre.
1465 2651 1535 2714 Nec
1554 2650 1613 2711 illis

395 2759 573 2836 denegare
588 2756 691 2820 facile
712 2767 816 2820 esset.
841 2757 934 2820 Dum
955 2756 1047 2820 enim
1066 2757 1308 2836 praesentiunt
1327 2775 1418 2837 quae
1439 2757 1612 2821 commoda

395 2865 466 2926 sint
482 2863 674 2927 familiares
689 2865 744 2926 sui
757 2864 976 2942 consequuti,
993 2863 1174 2943 quiescere
1190 2881 1281 2943 eum,
1298 2864 1413 2927 donec
1432 2861 1612 2927 exorarint.

394 2989 465 3034 non
481 2972 610 3034 sinunt.

455 3077 740 3141 Commemoratu
762 3076 909 3157 dignum
928 3077 1067 3139 videtur
1089 3075 1183 3156 quod
1207 3076 1425 3140 nobilissima
1451 3076 1612 3157 quaedam

394 3184 520 3263 vidua,
542 3185 586 3246 ab
607 3183 676 3247 alia
696 3201 782 3246 suae
804 3183 1015 3246 conditionis
1034 3183 1272 3263 praemonita,
1296 3201 1339 3246 ea
1361 3193 1415 3247 est
1437 3181 1613 3248 Societaris

391 3291 525 3354 fautrix
544 3291 699 3354 maxima
721 3289 741 3367 ¹,
763 3289 905 3353 Patrem
924 3290 969 3352 ad
990 3307 1028 3352 se
1047 3305 1246 3367 accersens
1264 3290 1435 3354 exercitia
1450 3299 1522 3354 tum
1536 3289 1607 3354 sibi.

390 3407 466 3460 tum
491 3415 620 3460 novem
637 3395 856 3478 pedissequis
870 3395 1138 3474 communicari,
1160 3394 1313 3458 fructum
1328 3415 1372 3459 ex
1388 3396 1440 3459 eis
1461 3415 1530 3460 non
1549 3413 1610 3458 me-

389 3503 548 3567 diocrem
565 3512 863 3583 consequuturam
879 3500 1069 3578 confidens,
1087 3502 1277 3581 deprecata
1292 3512 1357 3566 est.
1374 3501 1445 3566 Sua
1460 3520 1520 3584 spe
1540 3518 1609 3565 eam

389 3609 550 3672 delusam
564 3609 779 3672 nullomodo
795 3626 873 3671 esse
893 3617 1041 3670 eventus
1063 3607 1321 3670 demonstravit
1340 3609 1439 3673 satis
1460 3607 1547 3673 Nam
1566 3610 1610 3669 ita

389 3715 425 3778 in
441 3716 648 3794 religionem
670 3715 814 3793 exarsit,
832 3723 869 3777 ut
884 3715 1070 3776 mulierum
1084 3714 1339 3778 monasterium
1358 3715 1560 3796 erigendum
1578 3724 1609 3774 et

387 3823 462 3886 suis
476 3822 719 3902 facultatibuS,
737 3839 828 3903 quae
843 3822 974 3884 multae
989 3831 1081 3900 sunt,
1098 3821 1282 3884 ditandum
1296 3821 1509 3902 decreverit,
1525 3819 1610 3902 quod

388 3939 426 3992 ut
441 3930 640 3993 executioni
655 3928 856 4006 mandaret,
873 3945 1008 4007 paucos
1023 3935 1102 4007 post
1117 3927 1193 3990 dies
1207 3927 1253 3990 ad
1271 3929 1441 4009 patriam,
1459 3927 1609 4012 portione

387 4036 617 4115 supellectilis
632 4053 716 4098 suae
732 4035 833 4098 nobis
848 4035 941 4097 dono
956 4034 1098 4114 donata,
1116 4033 1296 4112 migravit.

447 4142 697 4206 Confessiones
713 4140 909 4205 audiendae
920 4157 1112 4220 numquam
1123 4140 1260 4218 desunt,
1273 4141 1453 4222 privatim,
1467 4142 1606 4224 publice.

386 4248 423 4310 in
434 4247 673 4328 xenodochiis
690 4265 780 4328 quae
792 4245 972 4326 praefatus
984 4245 1089 4308 Pater
1101 4246 1307 4326 saepissime
1319 4247 1449 4312 lustrat
1459 4267 1527 4313 non
1538 4248 1608 4311 sine

384 4355 542 4417 maximo
557 4353 787 4434 plurimorum
801 4353 978 4433 profectu3
995 4351 1180 4433 siquidem,
1196 4360 1234 4414 ut
1249 4353 1351 4417 nobis
1365 4355 1498 4420 referre
1512 4357 1605 4423 solet,

384 4477 579 4541 numquam
593 4461 663 4524 illic
674 4460 800 4526 desunt
814 4459 875 4539 qui
889 4458 1108 4540 impatientia
1121 4458 1308 4522 immodice
1319 4460 1491 4544 laborent,
1505 4463 1604 4526 immo

426 4703 434 4736 ¹
465 4702 548 4746 Maria
560 4701 677 4746 Frasona
687 4702 728 4746 del
738 4700 806 4754 Jeso,
818 4701 888 4744 dicta
899 4699 926 4744 la
936 4699 1056 4743 Faltora.
