3378 5530
395 478 449 535 386
781 477 951 534 Litterae
971 493 1238 546 ouanmuasraxs

393 640 522 703 magna
539 623 693 685 omnium
709 622 911 698 devotione,
931 624 1072 687 circiter
1086 633 1266 688 trecentos
1288 625 1447 688 homines
1469 626 1623 688 invicem

392 729 653 808 reconciliavit,
675 747 825 809 quorum
845 730 945 792 multi
964 746 1035 792 non
1055 730 1280 795 mediocriter
1294 731 1420 795 offensi
1441 733 1623 795 existima-

391 840 531 901 bantur.

452 945 508 1008 Ad
523 943 626 1025 buJ'us
637 942 753 1007 Patris
763 961 892 1023 genua,
905 945 941 1007 in
952 946 1093 1024 temp10,
1107 945 1285 1025 praesenti
1297 953 1373 1008 tota
1384 947 1620 1019 multitudine,

389 1054 496 1117 homo
512 1052 655 1132 quidam
671 1069 751 1115 cum
765 1053 934 1132 lacrymis
950 1070 987 1115 se
1001 1053 1180 1132 provolvit
1195 1070 1237 1115 ac
1251 1053 1352 1132 petiit
1364 1061 1403 1116 ut
1418 1053 1496 1130 sibi,
1511 1072 1576 1116 suo
1589 1066 1623 1118 et

390 1160 539 1223 fratrum
563 1159 720 1238 nomine,
744 1159 944 1238 ignosceret
966 1158 1059 1239 quod
1079 1159 1115 1221 in
1134 1175 1200 1222 nos
1220 1159 1409 1239 aliquando
1431 1161 1623 1223 maledicta

389 1266 580 1347 conjecerit
594 1280 774 1346 praveque
789 1266 995 1329 detraxerit.
1009 1265 1088 1330 Non
1101 1268 1249 1329 multum
1264 1266 1364 1329 abest
1375 1267 1552 1346 quaedam
1569 1286 1623 1330 ec-

388 1373 513 1453 clesia,
530 1373 657 1437 dicitur
672 1371 735 1435 Sti.
753 1371 931 1452 Mamerti,
954 1370 1053 1450 cujus
1073 1372 1281 1452 parochiani
1300 1389 1372 1434 non
1392 1374 1509 1436 solum
1530 1374 1622 1436 inter

388 1498 427 1543 se
448 1481 520 1543 iras
543 1488 649 1560 atque
672 1477 790 1558 jurgia
816 1495 1011 1559 permagna
1036 1479 1265 1556 exercebant,
1292 1496 1363 1542 non
1388 1480 1464 1542 sine
1488 1496 1623 1560 magna

389 1589 591 1651 animarum
605 1603 863 1666 corporumque
875 1585 1032 1665 jactura,
1049 1587 1111 1648 sed
1126 1601 1239 1666 neque
1259 1587 1361 1649 nobis
1381 1587 1525 1667 quidem
1545 1606 1622 1667 par·

386 1696 525 1770 cebant,
543 1695 629 1775 quin
638 1693 834 1756 maledictis
846 1703 880 1756 et
896 1693 1095 1772 opprobriis
1110 1707 1175 1755 nos
1186 1701 1378 1773 nostraque
1390 1707 1620 1768 accusarent,

386 1804 435 1865 ita
450 1811 498 1880 ut,
516 1801 645 1881 elapsis
660 1801 793 1877 diebuS,
810 1800 940 1863 iratres
952 1800 1042 1863 duos
1057 1800 1134 1880 qui,
1157 1801 1483 1880 componendarum
1499 1803 1622 1865 amici·

387 1909 517 1972 tiarum
533 1909 662 1987 gratia,
685 1908 729 1970 ad
751 1925 813 1970 eos
827 1915 1011 1986 venerant,
1032 1924 1105 1969 non
1114 1887 1340 1970 mediocriter
1354 1909 1474 1971 verbis
1488 1908 1621 1971 fuerint

386 2016 575 2096 persecuti.
591 2015 700 2096 Cujus
715 2015 767 2078 rei
782 2031 890 2077 causa
905 2014 1057 2092 videtur,
1075 2015 1169 2095 quod
1188 2015 1329 2094 quibuS,
1353 2014 1499 2078 vivente
1519 2033 1620 2096 supe·

385 2124 479 2186 riore
495 2123 640 2201 abbate,
657 2139 729 2184 non
744 2121 820 2184 sine
835 2137 967 2200 magna
982 2118 1086 2199 hujus
1100 2121 1308 2184 monasterii
1328 2129 1434 2200 atque
1453 2123 1620 2184 ecclesia-

385 2247 462 2294 rum
475 2227 550 2309 ejus
559 2228 711 2308 jactura,
727 2228 837 2290 libere
848 2228 899 2290 uti
910 2227 1049 2304 licebat,
1067 2245 1190 2290 eorum
1205 2243 1299 2290 nunc
1314 2228 1429 2290 minus
1443 2244 1511 2308 pro
1527 2230 1620 2292 arbi-

385 2337 452 2399 trio
474 2351 559 2398 usus
580 2333 851 2398 concedebatur.
874 2333 951 2396 Hos
975 2334 1085 2397 irater
1110 2334 1270 2414 quidam,
1298 2335 1440 2398 nomine
1465 2333 1619 2398 Michael

385 2443 539 2522 BaymS,
564 2443 599 2504 in
620 2439 773 2504 Domino
798 2441 1031 2504 instituendos
1054 2441 1089 2502 in
1115 2441 1182 2503 hac
1207 2441 1496 2521 quadragesima,
1521 2459 1619 2504 man-

385 2549 493 2612 dante
509 2549 623 2626 Patre,
641 2548 805 2627 suscepit.
824 2547 903 2627 Qui,
920 2555 959 2610 ut
973 2557 1075 2609 erant
1090 2547 1280 2626 durissimi,
1297 2548 1349 2611 sie
1364 2563 1496 2627 magno
1513 2549 1619 2627 hujus

387 2656 509 2719 fratris
523 2656 643 2718 labore
658 2663 692 2717 et
711 2655 839 2717 sudore
860 2654 992 2717 devicti
1011 2663 1109 2730 sunt;
1129 2671 1212 2717 nam
1230 2656 1325 2717 ultra
1343 2654 1619 2718 exhortationes

383 2764 557 2844 publicaS,
575 2762 698 2826 diebus
709 2761 894 2824 dominicis
916 2762 1008 2824 inter
1027 2760 1265 2824 enarrandum
1284 2763 1512 2840 evangelium
1535 2781 1616 2824 cum

382 2887 513 2949 magna
528 2868 685 2931 omnium
700 2868 888 2932 devotione
902 2867 1028 2946 factas,
1042 2867 1210 2947 privatim
1221 2867 1346 2930 domos
1362 2868 1494 2946 adibat,
1510 2881 1617 2949 atquc

381 2978 461 3040 odia
473 2978 658 3057 permulta,
672 2993 762 3056 quae
777 2991 850 3037 non
865 2975 933 3037 nisi
945 2975 1126 3038 hominum
1141 2991 1227 3037 nece
1243 2974 1347 3036 finem
1363 2975 1528 3038 habitura
1543 2994 1615 3038 cre-

381 3084 554 3147 debantur
570 3094 630 3145 aut
644 3083 761 3163 potius
775 3081 1044 3156 incrementum,
1060 3081 1231 3160 paulatim
1245 3081 1441 3160 mitigando
1457 3083 1615 3162 extirpa-

381 3189 447 3266 vit,
473 3191 521 3252 ita
541 3198 579 3252 ut
598 3189 740 3252 veniam
762 3188 913 3251 invicem
933 3195 1053 3267 petere
1074 3189 1301 3267 persuaserit.
1327 3187 1505 3266 Quoniam
1526 3207 1614 3251 vcro

380 3306 473 3361 totus
488 3297 561 3358 iere
575 3297 674 3358 locus
689 3296 757 3357 hoc
772 3295 866 3356 malo
881 3305 958 3356 erat
973 3293 1253 3372 contaminatua,
1270 3303 1309 3356 ut
1323 3294 1487 3357 omnibus
1510 3314 1612 3376 opem

379 3403 500 3482 ferret,
519 3403 574 3466 die
586 3401 696 3483 jovis,
721 3418 790 3481 qua
810 3399 982 3463 Dominus
1002 3401 1109 3481 pedes
1129 3401 1381 3480 discipulorum
1401 3402 1507 3480 iavit,
1532 3421 1611 3465 cum

379 3511 583 3572 mandatum
599 3525 791 3588 exponenS,
805 3509 914 3570 multa
930 3505 973 3569 de
988 3505 1069 3570 odio
1084 3515 1118 3570 et
1133 3507 1320 3570 dilectione
1335 3507 1496 3587 dixisset,
1513 3511 1610 3588 geni-

378 3617 443 3679 bus
465 3615 565 3678 flexis
590 3631 711 3677 coram
735 3613 905 3676 universa
925 3613 1160 3690 multitudine,
1184 3630 1264 3678 cum
1284 3613 1404 3677 multis
1426 3616 1610 3695 lacrymis.

378 3721 471 3802 quod
483 3719 520 3782 P.
533 3721 688 3803 Joannes
700 3718 848 3782 Gouvea
864 3720 973 3798 priuS,
988 3719 1062 3800 ipse
1078 3737 1218 3801 quoque
1234 3719 1360 3798 effecit,
1374 3721 1610 3801 lacrymante,

376 3838 414 3891 ut
429 3827 513 3890 mihi
527 3829 678 3890 relatum
693 3836 762 3904 est,
780 3834 853 3889 toto
869 3827 928 3889 illo
944 3825 1126 3888 hominum
1141 3837 1333 3905 conventu,
1352 3844 1503 3906 quorum
1518 3828 1611 3890 duri·

376 3937 441 3998 ties
456 3935 648 4014 singularis
663 3934 823 3995 babetur.
838 3931 896 3996 Sic
912 3942 1030 3996 autem
1041 3933 1187 3996 fratrem
1198 3933 1292 3997 hunc
1307 3943 1450 4013 praeter
1462 3953 1610 3998 consue·

376 4041 532 4105 tudinem
546 4058 646 4104 suam
661 4047 869 4103 reverentur
885 4050 991 4120 atque
1011 4049 1149 4119 amant,
1173 4041 1295 4120 sicque
1315 4057 1433 4104 mores
1454 4052 1610 4106 mutatos

377 4149 412 4210 in
433 4148 558 4210 melius
585 4163 662 4209 esse
681 4145 924 4225 intelligimus
947 4156 984 4209 ut
1004 4163 1089 4209 vere
1109 4146 1276 4210 dexterae
1298 4146 1441 4211 Excelsi
1459 4151 1608 4212 mutatio

374 4272 452 4316 esse
467 4253 641 4316 videatur.
661 4250 813 4330 Quidam
827 4251 942 4330 home,
961 4252 1020 4330 qui
1036 4251 1154 4314 acrius
1169 4252 1205 4315 in
1219 4253 1320 4316 initio
1334 4251 1438 4316 fratri
1453 4255 1536 4317 huic
1556 4273 1607 4318 re·

375 4360 530 4437 stiterat,
561 4365 677 4420 tactus
706 4375 727 4420 a
751 4356 905 4420 Domino
932 4357 1087 4438 factique
1110 4359 1310 4438 poenitens,
1336 4369 1540 4424 revertente
1565 4379 1608 4424 eo

374 4466 534 4543 domum,
551 4464 597 4526 ad
613 4464 680 4527 iter
695 4463 850 4526 occurrit
866 4473 899 4526 et
915 4481 997 4528 cum
1010 4465 1179 4545 lacrymis
1194 4465 1237 4528 de
1252 4467 1448 4546 pertinacia
1463 4470 1606 4532 veniam

373 4571 576 4651 postulavit.
594 4569 652 4633 Sic
668 4570 818 4649 denique
834 4570 866 4631 ei
882 4569 998 4633 affecti
1014 4580 1109 4648 sunt,
1127 4580 1164 4634 ut
1178 4573 1274 4635 nullo
1295 4574 1399 4636 modo
1420 4592 1501 4638 eum
1523 4593 1545 4638 a
1567 4593 1605 4637 sc

374 4677 531 4741 abstrahi
546 4671 736 4756 patiantur.
754 4674 885 4755 Quare,
902 4687 940 4738 ut
956 4677 1137 4756 existimo,
1155 4695 1224 4757 quo
1239 4695 1361 4742 eorum
1377 4681 1483 4745 saluti
1498 4693 1533 4746 et
1548 4683 1605 4744 de·

1573 4779 1581 4802 .
