935 1458
338 168 369 182 ΑΝ.
381 168 413 182 ΙῠὸΙ
478 167 482 171 ”
654 168 679 182 421

100 205 128 220 His
140 205 201 221 diebus
213 205 305 225 proximis,
318 209 359 220 cum
371 209 417 220 unus
428 209 437 220 e
448 204 514 220 nostris
525 204 547 220 ad
555 204 607 220 unius
615 204 680 220 infirmi

74 231 171 247 audiendam
178 231 308 247 confessionem
316 236 335 247 se
343 231 454 251 contulisset,
462 235 502 247 eum
512 235 523 247 a
530 231 587 247 tribus
596 231 647 246 anuis
655 231 678 246 ul-

75 259 101 274 teri
108 258 176 274 cuidam
183 258 264 278 graviter
273 258 361 275 insensum
371 258 495 278 deprehendit;
502 260 520 273 et
527 257 609 278 quamvis
616 257 679 273 horum

75 285 160 301 familiares
167 285 218 301 multi
224 285 252 300 vel
260 285 332 305 cognati
339 287 391 301 vetus
399 284 440 300 illud
448 284 508 300 odium
517 285 621 304 extinguere
631 285 679 300 nullo

74 317 102 327 non
109 314 154 328 moto
159 311 218 332 lapide
225 314 330 331 tentassent,
338 314 355 327 et
363 316 393 327 eos
401 311 418 327 in
425 311 503 331 gratiam
510 311 600 330 reducere,
608 315 678 327 necnon

75 339 135 359 quidam
143 338 226 354 doctores
233 338 312 358 theologi
320 339 353 354 hac
361 339 379 354 in
387 343 406 354 re
417 339 491 354 multum
502 338 627 357 desudassent,
636 338 679 353 nihil

75 369 124 381 iumen
131 369 205 385 prorsus
214 369 271 385 neque
279 365 296 381 hi
304 369 361 385 neque
371 365 395 380 illi
406 364 475 380 efficere
485 367 585 385 potuerunt.
595 364 630 380 Sed
638 369 679 384 quo-

76 392 114 407 niam
120 392 193 412 spiritus
200 392 230 407 uhi
239 392 277 408 vult
287 392 351 412 spirat,
363 394 381 407 et
391 391 457 411 majore
467 391 544 411 quodam
555 391 615 407 afflatu
625 391 678 410 vires,

75 419 128 438 quibus
140 418 178 439 ipse
189 418 270 438 voluerit,
281 418 351 434 divinas
363 418 444 437 infundit,
457 418 487 433 ubi
497 418 573 438 primurn
584 420 644 433 noster
651 418 680 433 ille

76 445 153 464 mcerdos.
166 445 197 465 qui
207 445 305 465 spiritualis
314 445 393 461 medicus
405 445 428 460 ad
439 447 532 464 aegrotum
545 444 616 460 morbos
626 444 680 460 animi

75 475 159 488 sanaturus
172 472 262 492 profectus
274 472 337 491 suerat,
350 474 441 492 tamquam
453 471 486 487 Dei
497 471 577 487 minister
586 475 626 487 eum
639 475 680 487 eum

75 499 134 514 Christo
141 499 280 518 reconciliasset,
288 498 326 518 ejus
334 498 457 514 adversarium
465 498 553 517 convenit,
562 497 633 518 ejusque
642 501 678 513 cor-

75 530 117 541 neum
127 525 190 541 fibram
203 528 299 546 pectusque
312 525 455 544 adamantinum,
465 529 501 540 non
512 525 575 540 hircini
587 524 680 544 sauguinis

75 552 174 572 aspersione,
186 552 217 568 sed
225 552 247 568 de
259 552 382 572 pretiosissimi
393 552 486 571 sanguinis
496 551 534 567 veri
543 554 560 567 et
571 551 679 567 immaculati

76 579 116 598 ugni,
127 578 226 595 Salvatoris
235 579 295 595 Nostri
304 578 347 599 Jesu
356 578 431 598 Christi,
443 578 536 597 effissione,
547 578 569 594 de
579 578 679 594 condonata

75 606 176 621 mimicorum
185 605 258 626 injuria,
266 606 288 621 de
295 605 339 621 susis
349 606 371 621 ad
382 605 452 621 Patrem
463 605 481 621 in
491 605 632 625 crucifigentium
639 608 679 624 gra·

75 636 108 648 ·mru
117 632 205 652 precibus,
218 632 307 648 mentione
320 632 373 652 sacta,
385 632 476 652 perfregit,
486 631 562 652 disrupit
573 634 590 647 et
600 631 677 647 emolliit:

75 659 100 674 noc
106 659 151 675 enim
157 663 216 679 genus
223 659 323 675 adamantis
330 659 378 675 nulla
387 659 422 675 alia
433 659 498 674 virtute
505 661 536 674 aut
546 658 609 674 robore
617 658 679 674 melius

74 685 171 701 dissolvitur.
185 685 224 701 Hoc
236 688 289 705 pacto
302 685 426 704 inveteratum,
438 687 455 701 et
466 685 533 701 intimis
543 685 595 700 altius
606 685 679 701 insitum

74 712 177 732 praecordiis,
186 712 281 733 extirpavit
289 712 354 732 odium,
363 716 395 728 nec
403 712 492 728 hominem
498 712 548 732 prius
556 712 629 727 missum
637 711 678 727 fecit

75 738 115 754 luter
120 743 174 759 quam
180 741 294 759 extorqueret
301 739 323 755 ab
331 743 351 755 eo
359 741 377 754 ut
384 743 454 754 omnem
459 738 545 754 offensam
552 739 649 754 remitteret
654 739 679 754 al-

74 766 98 780 nri
103 768 118 781 et
126 766 168 781 illud
176 765 212 781 odii
218 766 267 781 virus
275 766 292 781 in
299 766 396 782 amicitiam
403 768 421 781 et
432 765 530 781 fraternam
537 765 678 781 benevolentiam

74 795 185 808 *vxmmutaren
194 792 224 808 Sic
231 797 276 813 quos
284 792 371 808 diabolica
382 792 439 812 fraus,
449 792 568 808 disseminatis
575 792 677 811 inimicitiis,

73 818 180 838 disjunxerat,
195 819 256 835 divina
271 819 328 835 virtus
343 819 422 835 unanimi
437 819 529 835 charitatis
544 819 615 834 vinculo
626 823 677 839 copu

73 845 112 861 lavit.

95 872 126 888 Sed
133 876 152 888 ut
159 873 183 888 ad
191 875 262 889 caetera
270 873 370 892 veniamus,
382 877 417 888 non
427 873 479 893 pauci
490 872 561 888 domum
568 875 648 888 nostram
656 872 678 888 de

73 903 100 914 >uls
107 904 137 915 nos
145 900 242 915 consulturi
250 899 303 915 rebus
310 899 403 919 accedunt;
412 904 452 915 eam
459 900 524 920 quippe
531 899 553 915 de
560 899 611 915 nobis
619 899 677 915 existi—

73 926 157 942 mationem
163 926 223 946 (quarn
229 926 278 942 Deus
283 926 364 946 Optimus
370 926 459 942 Maximus
465 929 484 942 ut
492 926 514 942 nd
522 925 560 946 ejus
566 926 643 946 gloriam
648 930 677 941 ex-

73 952 110 971 pedit
120 953 199 971 tueatur)
210 955 337 973 conceperunt,
345 956 364 969 ut
374 957 384 968 a
392 953 443 969 nobis
450 953 494 969 nihil
501 953 535 969 nisi
543 955 619 972 rectum,
629 952 678 973 pium

73 982 114 999 atque
121 980 216 995 honestum
223 979 343 1000 profecturum
350 980 383 995 sibi
390 979 515 1000 persuadeaut;
523 984 558 999 quo
565 979 584 995 fit
592 982 610 995 ut
616 981 677 995 nostra

72 1007 134 1022 ‹onsilia
141 1007 224 1022 libentius
231 1007 362 1026 amplexentur,
370 1007 439 1027 illisque
446 1007 516 1027 penitus
525 1007 647 1026 acquiescat-n
655 1011 678 1022 ex

73 1033 123 1051 quibus
130 1033 185 1049 animi
191 1033 337 1053 tranquillitatem
344 1037 363 1049 se
370 1033 455 1053 consequi
460 1033 529 1053 publice
536 1033 646 1053 profitentur.

94 1059 165 1076 Fructus
173 1064 217 1075 vero
225 1060 335 1079 concionum,
344 1064 389 1080 quae
396 1064 407 1075 a
414 1060 490 1076 diversis
497 1059 589 1080 fratribus,
598 1059 676 1075 diversis

73 1090 84 1100 in
94 1086 142 1106 locis,
156 1086 218 1102 haberi
231 1087 297 1106 solent,
309 1086 378 1102 silentio
389 1086 557 1106 praetermittendus
568 1090 603 1102 non
616 1089 648 1102 est.
660 1086 678 1102 A

73 1113 121 1129 multis
129 1113 228 1132 mensibuS,
236 1115 255 1129 ut
265 1113 318 1129 semel
329 1115 381 1133 atque
392 1113 455 1129 iterum
466 1113 537 1133 scripsi,
548 1112 636 1129 Dominus
646 1113 678 1129 Pe-

72 1142 101 1154 {rus
110 1139 228 1156 Rivadeneira
237 1140 255 1155 in
266 1140 288 1155 D.
300 1139 374 1156 Antonii
384 1140 478 1155 dominicis
488 1140 550 1155 diebus
560 1142 577 1155 et
589 1140 639 1155 sestis
650 1144 678 1156 so-

71 1165 173 1182 lemnioribus
180 1166 283 1182 concionari
294 1169 398 1187 perseverat
409 1169 458 1182 tanto
469 1166 523 1182 animi
533 1166 612 1186 fervore,
621 1166 678 1182 erudi·

72 1192 109 1208 tione
116 1196 132 1209 et
139 1195 241 1213 venustate,
250 1196 269 1209 ut
276 1193 367 1209 auditores
375 1194 411 1213 (qui
421 1193 497 1214 plurimi,
505 1198 540 1209 non
548 1193 605 1209 solum
613 1198 636 1209 ex
643 1194 677 1213 ple-

72 1219 106 1238 beiis
113 1222 129 1235 et
138 1220 225 1235 tenuioris
236 1220 325 1240 fortunae,
337 1220 368 1235 sed
379 1220 432 1236 etiam
443 1220 558 1236 nobilioribus
569 1222 586 1236 et
597 1224 632 1236 non
643 1224 678 1235 me-

97 1372 142 1411 Δ
