<?xml version="1.0" encoding="UTF-8"?>
<!DOCTYPE html PUBLIC "-//W3C//DTD XHTML 1.0 Transitional//EN"
    "http://www.w3.org/TR/xhtml1/DTD/xhtml1-transitional.dtd">
<html xmlns="http://www.w3.org/1999/xhtml" xml:lang="en" lang="en">
 <head>
  <title>
</title>
<meta http-equiv="Content-Type" content="text/html;charset=utf-8" />
  <meta name='ocr-system' content='tesseract 3.04.00' />
  <meta name='ocr-capabilities' content='ocr_page ocr_carea ocr_par ocr_line ocrx_word'/>
</head>
<body>
  <div class='ocr_page' id='page_1' title='image "./litteraequadrim01jesugoog_0322.png"; bbox 0 0 3400 5532; ppageno 0'>
   <div class='ocr_carea' id='block_1_1' title="bbox 345 455 1188 522">
    <p class='ocr_par' dir='ltr' id='par_1_1' title="bbox 345 455 1188 522">
     <span class='ocr_line' id='line_1_1' title="bbox 345 455 1188 522; baseline -0.002 -8"><span class='ocrx_word' id='word_1_1' title='bbox 345 455 400 514; x_wconf 69' lang='lat'>320</span> <span class='ocrx_word' id='word_1_2' title='bbox 537 471 540 476; x_wconf 89' lang='lat'>·</span> <span class='ocrx_word' id='word_1_3' title='bbox 730 455 900 514; x_wconf 76' lang='lat' dir='ltr'>Lttrauas</span> <span class='ocrx_word' id='word_1_4' title='bbox 919 469 1188 522; x_wconf 80' lang='lat' dir='ltr'>Quaoarussrnas</span> 
     </span>
    </p>
   </div>
   <div class='ocr_carea' id='block_1_2' title="bbox 347 597 1579 2284">
    <p class='ocr_par' dir='ltr' id='par_1_2' title="bbox 347 597 1579 1963">
     <span class='ocr_line' id='line_1_2' title="bbox 348 597 1576 679; baseline -0.003 -15"><span class='ocrx_word' id='word_1_5' title='bbox 348 601 476 664; x_wconf 85' lang='lat' dir='ltr'>abhinc</span> <span class='ocrx_word' id='word_1_6' title='bbox 491 615 648 664; x_wconf 88' lang='lat' dir='ltr'>mensem</span> <span class='ocrx_word' id='word_1_7' title='bbox 662 598 754 663; x_wconf 61' lang='lat' dir='ltr'>Rbus</span> <span class='ocrx_word' id='word_1_8' title='bbox 769 600 805 662; x_wconf 93' lang='lat' dir='ltr'>in</span> <span class='ocrx_word' id='word_1_9' title='bbox 819 597 961 662; x_wconf 89' lang='lat' dir='ltr'>Christo</span> <span class='ocrx_word' id='word_1_10' title='bbox 980 598 1017 661; x_wconf 87' lang='lat' dir='ltr'>P.</span> <span class='ocrx_word' id='word_1_11' title='bbox 1037 598 1174 662; x_wconf 90' lang='lat' dir='ltr'>Natalis</span> <span class='ocrx_word' id='word_1_12' title='bbox 1188 599 1211 672; x_wconf 85' lang='lat'>¹;</span> <span class='ocrx_word' id='word_1_13' title='bbox 1229 616 1298 679; x_wconf 93' lang='lat' dir='ltr'>quo</span> <span class='ocrx_word' id='word_1_14' title='bbox 1314 608 1488 679; x_wconf 90' lang='lat' dir='ltr'>tempore,</span> <span class='ocrx_word' id='word_1_15' title='bbox 1508 602 1576 662; x_wconf 87' lang='lat' dir='ltr'>etsi</span> 
     </span>
     <span class='ocr_line' id='line_1_3' title="bbox 348 705 1576 786; baseline -0.003 -15"><span class='ocrx_word' id='word_1_16' title='bbox 348 727 370 772; x_wconf 89' lang='lat' dir='ltr'>a</span> <span class='ocrx_word' id='word_1_17' title='bbox 384 707 564 771; x_wconf 89' lang='lat' dir='ltr'>consuetis</span> <span class='ocrx_word' id='word_1_18' title='bbox 577 707 758 770; x_wconf 87' lang='lat' dir='ltr'>laboribus</span> <span class='ocrx_word' id='word_1_19' title='bbox 769 715 804 769; x_wconf 89' lang='lat' dir='ltr'>et</span> <span class='ocrx_word' id='word_1_20' title='bbox 815 705 993 769; x_wconf 88' lang='lat' dir='ltr'>exercitiis</span> <span class='ocrx_word' id='word_1_21' title='bbox 1004 706 1146 769; x_wconf 87' lang='lat' dir='ltr'>minime</span> <span class='ocrx_word' id='word_1_22' title='bbox 1159 715 1336 768; x_wconf 88' lang='lat' dir='ltr'>cessatum</span> <span class='ocrx_word' id='word_1_23' title='bbox 1347 715 1402 768; x_wconf 91' lang='lat' dir='ltr'>est</span> <span class='ocrx_word' id='word_1_24' title='bbox 1415 706 1576 786; x_wconf 90' lang='lat' dir='ltr'>quando,</span> 
     </span>
     <span class='ocr_line' id='line_1_4' title="bbox 351 813 1575 894; baseline -0.004 -16"><span class='ocrx_word' id='word_1_25' title='bbox 351 816 381 877; x_wconf 94' lang='lat' dir='ltr'>si</span> <span class='ocrx_word' id='word_1_26' title='bbox 400 833 503 878; x_wconf 91' lang='lat' dir='ltr'>secus</span> <span class='ocrx_word' id='word_1_27' title='bbox 522 814 636 892; x_wconf 87' lang='lat' dir='ltr'>fieret,</span> <span class='ocrx_word' id='word_1_28' title='bbox 659 813 865 894; x_wconf 89' lang='lat' dir='ltr'>responderi</span> <span class='ocrx_word' id='word_1_29' title='bbox 886 813 1105 878; x_wconf 89' lang='lat' dir='ltr'>obedientiae</span> <span class='ocrx_word' id='word_1_30' title='bbox 1125 829 1349 894; x_wconf 86' lang='lat' dir='ltr'><strong>nequaquam</strong></span> <span class='ocrx_word' id='word_1_31' title='bbox 1367 823 1508 893; x_wconf 87' lang='lat' dir='ltr'>posset,</span> <span class='ocrx_word' id='word_1_32' title='bbox 1531 831 1575 875; x_wconf 92' lang='lat' dir='ltr'>eo</span> 
     </span>
     <span class='ocr_line' id='line_1_5' title="bbox 347 921 1576 1002; baseline -0.002 -16"><span class='ocrx_word' id='word_1_33' title='bbox 347 933 466 986; x_wconf 90' lang='lat' dir='ltr'>tamen</span> <span class='ocrx_word' id='word_1_34' title='bbox 481 923 625 1001; x_wconf 90' lang='lat' dir='ltr'>segnius</span> <span class='ocrx_word' id='word_1_35' title='bbox 639 922 890 1002; x_wconf 84' lang='lat' dir='ltr'>remissiusque</span> <span class='ocrx_word' id='word_1_36' title='bbox 901 921 997 985; x_wconf 85' lang='lat' dir='ltr'>facta</span> <span class='ocrx_word' id='word_1_37' title='bbox 1008 931 1089 984; x_wconf 89' lang='lat' dir='ltr'>sunt</span> <span class='ocrx_word' id='word_1_38' title='bbox 1100 921 1228 998; x_wconf 89' lang='lat' dir='ltr'>omnia,</span> <span class='ocrx_word' id='word_1_39' title='bbox 1241 937 1311 1000; x_wconf 93' lang='lat' dir='ltr'>quo</span> <span class='ocrx_word' id='word_1_40' title='bbox 1322 922 1419 984; x_wconf 87' lang='lat' dir='ltr'>velut</span> <span class='ocrx_word' id='word_1_41' title='bbox 1429 931 1576 1001; x_wconf 87' lang='lat' dir='ltr'>pastore</span> 
     </span>
     <span class='ocr_line' id='line_1_6' title="bbox 349 1028 1577 1109; baseline -0.001 -18"><span class='ocrx_word' id='word_1_42' title='bbox 349 1047 436 1091; x_wconf 89' lang='lat' dir='ltr'>oves</span> <span class='ocrx_word' id='word_1_43' title='bbox 458 1030 658 1108; x_wconf 89' lang='lat' dir='ltr'>destitutae,</span> <span class='ocrx_word' id='word_1_44' title='bbox 685 1038 745 1091; x_wconf 90' lang='lat' dir='ltr'>aut</span> <span class='ocrx_word' id='word_1_45' title='bbox 769 1029 940 1108; x_wconf 89' lang='lat' dir='ltr'>magistro</span> <span class='ocrx_word' id='word_1_46' title='bbox 963 1029 1095 1108; x_wconf 88' lang='lat' dir='ltr'>privati</span> <span class='ocrx_word' id='word_1_47' title='bbox 1114 1029 1293 1109; x_wconf 90' lang='lat' dir='ltr'>discipuli,</span> <span class='ocrx_word' id='word_1_48' title='bbox 1320 1028 1505 1091; x_wconf 89' lang='lat' dir='ltr'>continere</span> <span class='ocrx_word' id='word_1_49' title='bbox 1538 1045 1577 1090; x_wconf 93' lang='lat' dir='ltr'>se</span> 
     </span>
     <span class='ocr_line' id='line_1_7' title="bbox 349 1135 1575 1216; baseline -0.003 -17"><span class='ocrx_word' id='word_1_50' title='bbox 349 1137 443 1200; x_wconf 91' lang='lat' dir='ltr'>domi</span> <span class='ocrx_word' id='word_1_51' title='bbox 460 1153 597 1214; x_wconf 78' lang='lat' dir='ltr'>omneS,</span> <span class='ocrx_word' id='word_1_52' title='bbox 618 1145 654 1198; x_wconf 90' lang='lat' dir='ltr'>et</span> <span class='ocrx_word' id='word_1_53' title='bbox 671 1153 743 1198; x_wconf 90' lang='lat' dir='ltr'>una</span> <span class='ocrx_word' id='word_1_54' title='bbox 761 1136 996 1198; x_wconf 88' lang='lat' dir='ltr'>consolatoris</span> <span class='ocrx_word' id='word_1_55' title='bbox 1015 1145 1221 1216; x_wconf 84' lang='lat' dir='ltr'>exspectare</span> <span class='ocrx_word' id='word_1_56' title='bbox 1241 1135 1434 1198; x_wconf 90' lang='lat' dir='ltr'>adventum</span> <span class='ocrx_word' id='word_1_57' title='bbox 1467 1151 1575 1213; x_wconf 88' lang='lat' dir='ltr'>quam</span> 
     </span>
     <span class='ocr_line' id='line_1_8' title="bbox 348 1241 1575 1322; baseline -0.002 -16"><span class='ocrx_word' id='word_1_58' title='bbox 348 1244 385 1306; x_wconf 91' lang='lat' dir='ltr'>in</span> <span class='ocrx_word' id='word_1_59' title='bbox 410 1241 563 1306; x_wconf 90' lang='lat' dir='ltr'>medium</span> <span class='ocrx_word' id='word_1_60' title='bbox 586 1241 727 1322; x_wconf 90' lang='lat' dir='ltr'>prodire</span> <span class='ocrx_word' id='word_1_61' title='bbox 750 1242 954 1306; x_wconf 84' lang='lat' dir='ltr'>mallebant.</span> <span class='ocrx_word' id='word_1_62' title='bbox 982 1241 1219 1320; x_wconf 85' lang='lat' dir='ltr'>Quamobrem</span> <span class='ocrx_word' id='word_1_63' title='bbox 1243 1251 1399 1305; x_wconf 88' lang='lat' dir='ltr'>tacerem</span> <span class='ocrx_word' id='word_1_64' title='bbox 1426 1241 1575 1321; x_wconf 90' lang='lat' dir='ltr'>quidem</span> 
     </span>
     <span class='ocr_line' id='line_1_9' title="bbox 349 1348 1579 1430; baseline -0.002 -18"><span class='ocrx_word' id='word_1_65' title='bbox 349 1366 416 1428; x_wconf 88' lang='lat' dir='ltr'>ego</span> <span class='ocrx_word' id='word_1_66' title='bbox 431 1349 559 1430; x_wconf 85' lang='lat' dir='ltr'>potius,</span> <span class='ocrx_word' id='word_1_67' title='bbox 576 1359 637 1412; x_wconf 87' lang='lat' dir='ltr'>aut</span> <span class='ocrx_word' id='word_1_68' title='bbox 656 1366 726 1412; x_wconf 93' lang='lat' dir='ltr'>uno</span> <span class='ocrx_word' id='word_1_69' title='bbox 749 1349 856 1412; x_wconf 82' lang='lat' dir='ltr'>verbo</span> <span class='ocrx_word' id='word_1_70' title='bbox 875 1359 1035 1412; x_wconf 90' lang='lat' dir='ltr'>nostram</span> <span class='ocrx_word' id='word_1_71' title='bbox 1056 1349 1213 1412; x_wconf 90' lang='lat' dir='ltr'>omnium</span> <span class='ocrx_word' id='word_1_72' title='bbox 1232 1348 1400 1429; x_wconf 86' lang='lat' dir='ltr'>ineptiam</span> <span class='ocrx_word' id='word_1_73' title='bbox 1419 1358 1453 1410; x_wconf 89' lang='lat' dir='ltr'>et</span> <span class='ocrx_word' id='word_1_74' title='bbox 1468 1349 1579 1427; x_wconf 92' lang='lat' dir='ltr'>impe-</span> 
     </span>
     <span class='ocr_line' id='line_1_10' title="bbox 348 1455 1576 1536; baseline 0 -18"><span class='ocrx_word' id='word_1_75' title='bbox 348 1456 468 1520; x_wconf 89' lang='lat' dir='ltr'>ritiam</span> <span class='ocrx_word' id='word_1_76' title='bbox 482 1455 678 1534; x_wconf 88' lang='lat' dir='ltr'>confiterer,</span> <span class='ocrx_word' id='word_1_77' title='bbox 695 1473 801 1536; x_wconf 89' lang='lat' dir='ltr'>quam</span> <span class='ocrx_word' id='word_1_78' title='bbox 819 1474 861 1518; x_wconf 90' lang='lat' dir='ltr'>ea</span> <span class='ocrx_word' id='word_1_79' title='bbox 881 1455 1097 1519; x_wconf 91' lang='lat' dir='ltr'>recensenda</span> <span class='ocrx_word' id='word_1_80' title='bbox 1119 1457 1350 1536; x_wconf 87' lang='lat' dir='ltr'>susciperem,</span> <span class='ocrx_word' id='word_1_81' title='bbox 1374 1472 1466 1535; x_wconf 90' lang='lat' dir='ltr'>quae</span> <span class='ocrx_word' id='word_1_82' title='bbox 1492 1457 1576 1518; x_wconf 89' lang='lat' dir='ltr'>scri·</span> 
     </span>
     <span class='ocr_line' id='line_1_11' title="bbox 349 1561 1579 1642; baseline 0.001 -18"><span class='ocrx_word' id='word_1_83' title='bbox 349 1571 474 1642; x_wconf 91' lang='lat' dir='ltr'>pturus</span> <span class='ocrx_word' id='word_1_84' title='bbox 488 1580 578 1640; x_wconf 89' lang='lat' dir='ltr'>sum,</span> <span class='ocrx_word' id='word_1_85' title='bbox 593 1563 742 1640; x_wconf 89' lang='lat' dir='ltr'>nisime,</span> <span class='ocrx_word' id='word_1_86' title='bbox 765 1572 803 1625; x_wconf 90' lang='lat' dir='ltr'>ut</span> <span class='ocrx_word' id='word_1_87' title='bbox 823 1561 857 1624; x_wconf 88' lang='lat' dir='ltr'>id</span> <span class='ocrx_word' id='word_1_88' title='bbox 872 1561 1014 1642; x_wconf 82' lang='lat' dir='ltr'>faciam,</span> <span class='ocrx_word' id='word_1_89' title='bbox 1030 1571 1065 1626; x_wconf 88' lang='lat' dir='ltr'>et</span> <span class='ocrx_word' id='word_1_90' title='bbox 1080 1563 1235 1642; x_wconf 84' lang='lat' dir='ltr'>dignitas</span> <span class='ocrx_word' id='word_1_91' title='bbox 1249 1572 1391 1641; x_wconf 89' lang='lat' dir='ltr'>urgeret</span> <span class='ocrx_word' id='word_1_92' title='bbox 1405 1562 1555 1626; x_wconf 88' lang='lat' dir='ltr'>obedien</span> <span class='ocrx_word' id='word_1_93' title='bbox 1565 1593 1579 1612; x_wconf 93' lang='lat'>·</span> 
     </span>
     <span class='ocr_line' id='line_1_12' title="bbox 349 1669 1574 1751; baseline 0 -19"><span class='ocrx_word' id='word_1_94' title='bbox 349 1669 436 1749; x_wconf 91' lang='lat' dir='ltr'>tiae,</span> <span class='ocrx_word' id='word_1_95' title='bbox 459 1677 494 1732; x_wconf 90' lang='lat' dir='ltr'>et</span> <span class='ocrx_word' id='word_1_96' title='bbox 510 1680 572 1732; x_wconf 90' lang='lat' dir='ltr'>tua</span> <span class='ocrx_word' id='word_1_97' title='bbox 596 1669 797 1732; x_wconf 83' lang='lat' dir='ltr'>hortaretur</span> <span class='ocrx_word' id='word_1_98' title='bbox 821 1669 1033 1748; x_wconf 88' lang='lat' dir='ltr'>humanitas,</span> <span class='ocrx_word' id='word_1_99' title='bbox 1060 1670 1242 1751; x_wconf 88' lang='lat' dir='ltr'>pietasque</span> <span class='ocrx_word' id='word_1_100' title='bbox 1267 1669 1453 1749; x_wconf 88' lang='lat' dir='ltr'>invitaret,</span> <span class='ocrx_word' id='word_1_101' title='bbox 1482 1688 1574 1750; x_wconf 90' lang='lat' dir='ltr'>quae</span> 
     </span>
     <span class='ocr_line' id='line_1_13' title="bbox 349 1776 1573 1858; baseline -0.002 -18"><span class='ocrx_word' id='word_1_102' title='bbox 349 1777 436 1840; x_wconf 91' lang='lat' dir='ltr'>nihil</span> <span class='ocrx_word' id='word_1_103' title='bbox 454 1776 664 1856; x_wconf 87' lang='lat' dir='ltr'>parvipendi</span> <span class='ocrx_word' id='word_1_104' title='bbox 682 1785 783 1856; x_wconf 89' lang='lat' dir='ltr'>putat</span> <span class='ocrx_word' id='word_1_105' title='bbox 802 1786 975 1856; x_wconf 89' lang='lat' dir='ltr'>oportere,</span> <span class='ocrx_word' id='word_1_106' title='bbox 999 1776 1102 1858; x_wconf 91' lang='lat' dir='ltr'>quod,</span> <span class='ocrx_word' id='word_1_107' title='bbox 1126 1777 1289 1857; x_wconf 89' lang='lat' dir='ltr'>quamvis</span> <span class='ocrx_word' id='word_1_108' title='bbox 1307 1777 1493 1840; x_wconf 89' lang='lat' dir='ltr'>minimum</span> <span class='ocrx_word' id='word_1_109' title='bbox 1516 1779 1573 1855; x_wconf 92' lang='lat' dir='ltr'>sit,</span> 
     </span>
     <span class='ocr_line' id='line_1_14' title="bbox 350 1883 1438 1963; baseline -0.003 -18"><span class='ocrx_word' id='word_1_110' title='bbox 350 1884 440 1945; x_wconf 88' lang='lat' dir='ltr'>citra</span> <span class='ocrx_word' id='word_1_111' title='bbox 456 1883 613 1946; x_wconf 89' lang='lat' dir='ltr'>divinum</span> <span class='ocrx_word' id='word_1_112' title='bbox 628 1893 747 1946; x_wconf 90' lang='lat' dir='ltr'>tamen</span> <span class='ocrx_word' id='word_1_113' title='bbox 761 1884 931 1946; x_wconf 84' lang='lat' dir='ltr'>auxilium</span> <span class='ocrx_word' id='word_1_114' title='bbox 944 1883 1021 1946; x_wconf 88' lang='lat' dir='ltr'>fieri</span> <span class='ocrx_word' id='word_1_115' title='bbox 1035 1901 1057 1945; x_wconf 90' lang='lat' dir='ltr'>a</span> <span class='ocrx_word' id='word_1_116' title='bbox 1071 1900 1209 1963; x_wconf 91' lang='lat' dir='ltr'>quoque</span> <span class='ocrx_word' id='word_1_117' title='bbox 1225 1901 1296 1945; x_wconf 91' lang='lat' dir='ltr'>non</span> <span class='ocrx_word' id='word_1_118' title='bbox 1310 1892 1438 1963; x_wconf 89' lang='lat' dir='ltr'>potest.</span> 
     </span>
    </p>

    <p class='ocr_par' dir='ltr' id='par_1_3' title="bbox 350 1989 1577 2284">
     <span class='ocr_line' id='line_1_15' title="bbox 409 1989 1577 2072; baseline 0 -20"><span class='ocrx_word' id='word_1_119' title='bbox 409 1989 456 2052; x_wconf 92' lang='lat' dir='ltr'>Ut</span> <span class='ocrx_word' id='word_1_120' title='bbox 476 1991 584 2070; x_wconf 92' lang='lat' dir='ltr'>igitur</span> <span class='ocrx_word' id='word_1_121' title='bbox 605 1990 793 2072; x_wconf 89' lang='lat' dir='ltr'>aliquando</span> <span class='ocrx_word' id='word_1_122' title='bbox 812 1991 978 2071; x_wconf 90' lang='lat' dir='ltr'>incipiam</span> <span class='ocrx_word' id='word_1_123' title='bbox 996 2006 1063 2052; x_wconf 92' lang='lat' dir='ltr'>nec</span> <span class='ocrx_word' id='word_1_124' title='bbox 1088 1999 1122 2052; x_wconf 94' lang='lat' dir='ltr'>te</span> <span class='ocrx_word' id='word_1_125' title='bbox 1144 1990 1273 2053; x_wconf 89' lang='lat' dir='ltr'>diutius</span> <span class='ocrx_word' id='word_1_126' title='bbox 1292 2007 1413 2053; x_wconf 91' lang='lat' dir='ltr'>morer</span> <span class='ocrx_word' id='word_1_127' title='bbox 1429 1989 1457 2068; x_wconf 79' lang='lat'>¹,</span> <span class='ocrx_word' id='word_1_128' title='bbox 1479 1993 1577 2070; x_wconf 87' lang='lat' dir='ltr'>quod</span> 
     </span>
     <span class='ocr_line' id='line_1_16' title="bbox 351 2096 1574 2173; baseline -0.002 -14"><span class='ocrx_word' id='word_1_129' title='bbox 351 2097 396 2159; x_wconf 92' lang='lat' dir='ltr'>ad</span> <span class='ocrx_word' id='word_1_130' title='bbox 420 2097 694 2160; x_wconf 89' lang='lat' dir='ltr'>domesticorum</span> <span class='ocrx_word' id='word_1_131' title='bbox 718 2098 842 2160; x_wconf 89' lang='lat' dir='ltr'>attinet</span> <span class='ocrx_word' id='word_1_132' title='bbox 867 2098 962 2159; x_wconf 88' lang='lat' dir='ltr'>vitae</span> <span class='ocrx_word' id='word_1_133' title='bbox 986 2096 1160 2159; x_wconf 91' lang='lat' dir='ltr'>rationem</span> <span class='ocrx_word' id='word_1_134' title='bbox 1184 2107 1218 2159; x_wconf 91' lang='lat' dir='ltr'>et</span> <span class='ocrx_word' id='word_1_135' title='bbox 1240 2097 1371 2173; x_wconf 91' lang='lat' dir='ltr'>studia,</span> <span class='ocrx_word' id='word_1_136' title='bbox 1398 2096 1487 2159; x_wconf 92' lang='lat' dir='ltr'>nihil</span> <span class='ocrx_word' id='word_1_137' title='bbox 1518 2097 1574 2158; x_wconf 89' lang='lat' dir='ltr'>his</span> 
     </span>
     <span class='ocr_line' id='line_1_17' title="bbox 350 2201 1568 2284; baseline -0.002 -18"><span class='ocrx_word' id='word_1_138' title='bbox 350 2213 502 2284; x_wconf 89' lang='lat' dir='ltr'>quatuor</span> <span class='ocrx_word' id='word_1_139' title='bbox 516 2204 694 2266; x_wconf 90' lang='lat' dir='ltr'>mensibus</span> <span class='ocrx_word' id='word_1_140' title='bbox 705 2204 927 2266; x_wconf 87' lang='lat' dir='ltr'>immutatum</span> <span class='ocrx_word' id='word_1_141' title='bbox 941 2212 1005 2266; x_wconf 89' lang='lat' dir='ltr'>est.</span> <span class='ocrx_word' id='word_1_142' title='bbox 1021 2201 1117 2266; x_wconf 90' lang='lat' dir='ltr'>Idem</span> <span class='ocrx_word' id='word_1_143' title='bbox 1133 2202 1269 2282; x_wconf 91' lang='lat' dir='ltr'>orandi,</span> <span class='ocrx_word' id='word_1_144' title='bbox 1286 2203 1378 2266; x_wconf 88' lang='lat' dir='ltr'>idem</span> <span class='ocrx_word' id='word_1_145' title='bbox 1393 2202 1568 2280; x_wconf 87' lang='lat' dir='ltr'>studendi,</span> 
     </span>
    </p>
   </div>
   <div class='ocr_carea' id='block_1_3' title="bbox 351 2308 1573 2488">
    <p class='ocr_par' dir='ltr' id='par_1_4' title="bbox 351 2308 1573 2488">
     <span class='ocr_line' id='line_1_18' title="bbox 352 2308 1573 2390; baseline -0.001 -18"><span class='ocrx_word' id='word_1_146' title='bbox 352 2311 443 2373; x_wconf 92' lang='lat' dir='ltr'>idem</span> <span class='ocrx_word' id='word_1_147' title='bbox 458 2327 595 2390; x_wconf 92' lang='lat' dir='ltr'>quoque</span> <span class='ocrx_word' id='word_1_148' title='bbox 613 2308 753 2388; x_wconf 87' lang='lat' dir='ltr'>legendi</span> <span class='ocrx_word' id='word_1_149' title='bbox 771 2309 897 2374; x_wconf 92' lang='lat' dir='ltr'>modus</span> <span class='ocrx_word' id='word_1_150' title='bbox 915 2321 968 2372; x_wconf 91' lang='lat' dir='ltr'>est</span> <span class='ocrx_word' id='word_1_151' title='bbox 981 2311 1041 2390; x_wconf 90' lang='lat' dir='ltr'>qui</span> <span class='ocrx_word' id='word_1_152' title='bbox 1056 2319 1137 2372; x_wconf 88' lang='lat' dir='ltr'>ante</span> <span class='ocrx_word' id='word_1_153' title='bbox 1152 2309 1232 2388; x_wconf 84' lang='lat' dir='ltr'>fuit,</span> <span class='ocrx_word' id='word_1_154' title='bbox 1249 2309 1384 2389; x_wconf 88' lang='lat' dir='ltr'>majore</span> <span class='ocrx_word' id='word_1_155' title='bbox 1404 2310 1573 2372; x_wconf 90' lang='lat' dir='ltr'>tamenin</span> 
     </span>
     <span class='ocr_line' id='line_1_19' title="bbox 351 2407 1572 2488; baseline 0 -18"><span class='ocrx_word' id='word_1_156' title='bbox 351 2407 426 2470; x_wconf 92' lang='lat' dir='ltr'>dies</span> <span class='ocrx_word' id='word_1_157' title='bbox 450 2407 610 2487; x_wconf 83' lang='lat' dir='ltr'>profectu</span> <span class='ocrx_word' id='word_1_158' title='bbox 629 2417 880 2488; x_wconf 87' lang='lat' dir='ltr'>crescenteque</span> <span class='ocrx_word' id='word_1_159' title='bbox 905 2408 1020 2487; x_wconf 88' lang='lat' dir='ltr'>magis</span> <span class='ocrx_word' id='word_1_160' title='bbox 1044 2427 1087 2471; x_wconf 91' lang='lat' dir='ltr'>ac</span> <span class='ocrx_word' id='word_1_161' title='bbox 1108 2409 1223 2486; x_wconf 90' lang='lat' dir='ltr'>magis</span> <span class='ocrx_word' id='word_1_162' title='bbox 1248 2408 1409 2470; x_wconf 87' lang='lat' dir='ltr'>omnibus</span> <span class='ocrx_word' id='word_1_163' title='bbox 1434 2408 1572 2484; x_wconf 90' lang='lat' dir='ltr'>animo,</span> 
     </span>
    </p>
   </div>
   <div class='ocr_carea' id='block_1_4' title="bbox 291 2513 1581 4194">
    <p class='ocr_par' dir='ltr' id='par_1_5' title="bbox 350 2513 1576 2701">
     <span class='ocr_line' id='line_1_20' title="bbox 350 2513 1576 2593; baseline 0.001 -17"><span class='ocrx_word' id='word_1_164' title='bbox 350 2531 422 2576; x_wconf 90' lang='lat' dir='ltr'>non</span> <span class='ocrx_word' id='word_1_165' title='bbox 447 2514 493 2576; x_wconf 91' lang='lat' dir='ltr'>ad</span> <span class='ocrx_word' id='word_1_166' title='bbox 516 2514 792 2593; x_wconf 89' lang='lat' dir='ltr'>permanendum</span> <span class='ocrx_word' id='word_1_167' title='bbox 817 2515 921 2577; x_wconf 93' lang='lat' dir='ltr'>modo</span> <span class='ocrx_word' id='word_1_168' title='bbox 946 2515 981 2576; x_wconf 92' lang='lat' dir='ltr'>in</span> <span class='ocrx_word' id='word_1_169' title='bbox 1000 2515 1204 2592; x_wconf 89' lang='lat' dir='ltr'>vocatione,</span> <span class='ocrx_word' id='word_1_170' title='bbox 1229 2513 1292 2576; x_wconf 90' lang='lat' dir='ltr'>sed</span> <span class='ocrx_word' id='word_1_171' title='bbox 1314 2514 1360 2576; x_wconf 90' lang='lat' dir='ltr'>ad</span> <span class='ocrx_word' id='word_1_172' title='bbox 1380 2513 1576 2577; x_wconf 88' lang='lat' dir='ltr'>vivendum</span> 
     </span>
     <span class='ocr_line' id='line_1_21' title="bbox 351 2620 1169 2701; baseline 0.002 -19"><span class='ocrx_word' id='word_1_173' title='bbox 351 2620 458 2683; x_wconf 89' lang='lat' dir='ltr'>etiam</span> <span class='ocrx_word' id='word_1_174' title='bbox 472 2630 577 2701; x_wconf 90' lang='lat' dir='ltr'>prout</span> <span class='ocrx_word' id='word_1_175' title='bbox 591 2621 627 2683; x_wconf 92' lang='lat' dir='ltr'>in</span> <span class='ocrx_word' id='word_1_176' title='bbox 642 2639 683 2683; x_wconf 90' lang='lat' dir='ltr'>ea</span> <span class='ocrx_word' id='word_1_177' title='bbox 698 2620 810 2684; x_wconf 88' lang='lat' dir='ltr'>decet.</span> <span class='ocrx_word' id='word_1_178' title='bbox 1167 2625 1169 2633; x_wconf 82' lang='grc'>’</span> 
     </span>
    </p>

    <p class='ocr_par' dir='ltr' id='par_1_6' title="bbox 291 2725 1581 4194">
     <span class='ocr_line' id='line_1_22' title="bbox 409 2725 1579 2809; baseline 0.001 -20"><span class='ocrx_word' id='word_1_179' title='bbox 409 2726 464 2790; x_wconf 91' lang='lat' dir='ltr'>De</span> <span class='ocrx_word' id='word_1_180' title='bbox 474 2725 663 2806; x_wconf 86' lang='lat' dir='ltr'>J&#39;uvenibus</span> <span class='ocrx_word' id='word_1_181' title='bbox 678 2745 826 2809; x_wconf 88' lang='lat' dir='ltr'>quoque,</span> <span class='ocrx_word' id='word_1_182' title='bbox 842 2729 901 2808; x_wconf 89' lang='lat' dir='ltr'>qui</span> <span class='ocrx_word' id='word_1_183' title='bbox 915 2728 951 2791; x_wconf 93' lang='lat' dir='ltr'>in</span> <span class='ocrx_word' id='word_1_184' title='bbox 966 2729 1070 2791; x_wconf 87' lang='lat' dir='ltr'>domo</span> <span class='ocrx_word' id='word_1_185' title='bbox 1085 2728 1302 2809; x_wconf 87' lang='lat' dir='ltr'>probationis</span> <span class='ocrx_word' id='word_1_186' title='bbox 1314 2728 1379 2791; x_wconf 91' lang='lat' dir='ltr'>sub</span> <span class='ocrx_word' id='word_1_187' title='bbox 1389 2727 1434 2791; x_wconf 93' lang='lat' dir='ltr'>D.</span> <span class='ocrx_word' id='word_1_188' title='bbox 1448 2727 1579 2790; x_wconf 91' lang='lat' dir='ltr'>Corne·</span> 
     </span>
     <span class='ocr_line' id='line_1_23' title="bbox 291 2831 1578 2915; baseline 0 -20"><span class='ocrx_word' id='word_1_189' title='bbox 291 2871 295 2880; x_wconf 77' lang='lat'>,</span> <span class='ocrx_word' id='word_1_190' title='bbox 349 2833 396 2896; x_wconf 92' lang='lat' dir='ltr'>lio</span> <span class='ocrx_word' id='word_1_191' title='bbox 411 2831 422 2864; x_wconf 79' lang='lat'>³</span> <span class='ocrx_word' id='word_1_192' title='bbox 436 2834 573 2912; x_wconf 86' lang='lat' dir='ltr'>vivunt,</span> <span class='ocrx_word' id='word_1_193' title='bbox 590 2833 682 2897; x_wconf 90' lang='lat' dir='ltr'>idem</span> <span class='ocrx_word' id='word_1_194' title='bbox 697 2835 835 2915; x_wconf 91' lang='lat' dir='ltr'>penitus</span> <span class='ocrx_word' id='word_1_195' title='bbox 850 2835 1014 2914; x_wconf 84' lang='lat' dir='ltr'>dixerim,</span> <span class='ocrx_word' id='word_1_196' title='bbox 1030 2835 1079 2899; x_wconf 90' lang='lat' dir='ltr'>ita</span> <span class='ocrx_word' id='word_1_197' title='bbox 1095 2835 1321 2898; x_wconf 84' lang='lat' dir='ltr'>confirmatos</span> <span class='ocrx_word' id='word_1_198' title='bbox 1341 2834 1483 2898; x_wconf 90' lang='lat' dir='ltr'>illorum</span> <span class='ocrx_word' id='word_1_199' title='bbox 1504 2834 1578 2896; x_wconf 89' lang='lat' dir='ltr'>ani-</span> 
     </span>
     <span class='ocr_line' id='line_1_24' title="bbox 349 2941 1579 3022; baseline 0 -18"><span class='ocrx_word' id='word_1_200' title='bbox 349 2957 426 3004; x_wconf 88' lang='lat' dir='ltr'>mos</span> <span class='ocrx_word' id='word_1_201' title='bbox 441 2950 571 3003; x_wconf 89' lang='lat' dir='ltr'>esseut</span> <span class='ocrx_word' id='word_1_202' title='bbox 585 2941 673 3004; x_wconf 91' lang='lat' dir='ltr'>nihil</span> <span class='ocrx_word' id='word_1_203' title='bbox 687 2942 724 3004; x_wconf 92' lang='lat' dir='ltr'>in</span> <span class='ocrx_word' id='word_1_204' title='bbox 743 2943 943 3022; x_wconf 89' lang='lat' dir='ltr'>praesentia</span> <span class='ocrx_word' id='word_1_205' title='bbox 964 2942 1158 3006; x_wconf 88' lang='lat' dir='ltr'>desiderari</span> <span class='ocrx_word' id='word_1_206' title='bbox 1179 2942 1305 3005; x_wconf 92' lang='lat' dir='ltr'>merito</span> <span class='ocrx_word' id='word_1_207' title='bbox 1327 2959 1430 3021; x_wconf 90' lang='lat' dir='ltr'>posse</span> <span class='ocrx_word' id='word_1_208' title='bbox 1455 2942 1579 3004; x_wconf 88' lang='lat' dir='ltr'>videa-</span> 
     </span>
     <span class='ocr_line' id='line_1_25' title="bbox 349 3047 1575 3129; baseline -0.001 -19"><span class='ocrx_word' id='word_1_209' title='bbox 349 3056 417 3110; x_wconf 90' lang='lat' dir='ltr'>tur.</span> <span class='ocrx_word' id='word_1_210' title='bbox 431 3047 534 3126; x_wconf 91' lang='lat' dir='ltr'>Quod</span> <span class='ocrx_word' id='word_1_211' title='bbox 547 3048 688 3128; x_wconf 90' lang='lat' dir='ltr'>quidem</span> <span class='ocrx_word' id='word_1_212' title='bbox 702 3065 808 3129; x_wconf 89' lang='lat' dir='ltr'>saepe</span> <span class='ocrx_word' id='word_1_213' title='bbox 823 3050 924 3111; x_wconf 91' lang='lat' dir='ltr'>nobis</span> <span class='ocrx_word' id='word_1_214' title='bbox 939 3050 1054 3111; x_wconf 90' lang='lat' dir='ltr'>visum</span> <span class='ocrx_word' id='word_1_215' title='bbox 1068 3057 1133 3116; x_wconf 76' lang='lat' dir='ltr'>est,</span> <span class='ocrx_word' id='word_1_216' title='bbox 1146 3049 1208 3111; x_wconf 88' lang='lat' dir='ltr'>sed</span> <span class='ocrx_word' id='word_1_217' title='bbox 1219 3049 1343 3128; x_wconf 88' lang='lat' dir='ltr'>paucis</span> <span class='ocrx_word' id='word_1_218' title='bbox 1358 3057 1439 3111; x_wconf 91' lang='lat' dir='ltr'>ante</span> <span class='ocrx_word' id='word_1_219' title='bbox 1451 3047 1575 3111; x_wconf 88' lang='lat' dir='ltr'>diebus</span> 
     </span>
     <span class='ocr_line' id='line_1_26' title="bbox 349 3154 1580 3236; baseline 0 -20"><span class='ocrx_word' id='word_1_220' title='bbox 349 3154 580 3234; x_wconf 90' lang='lat' dir='ltr'>potissimum.</span> <span class='ocrx_word' id='word_1_221' title='bbox 594 3154 684 3217; x_wconf 89' lang='lat' dir='ltr'>Nam</span> <span class='ocrx_word' id='word_1_222' title='bbox 699 3172 779 3217; x_wconf 87' lang='lat' dir='ltr'>cum</span> <span class='ocrx_word' id='word_1_223' title='bbox 794 3156 942 3218; x_wconf 88' lang='lat' dir='ltr'>celebris</span> <span class='ocrx_word' id='word_1_224' title='bbox 956 3165 1142 3236; x_wconf 86' lang='lat' dir='ltr'>certusque</span> <span class='ocrx_word' id='word_1_225' title='bbox 1157 3172 1278 3218; x_wconf 89' lang='lat' dir='ltr'>rumor</span> <span class='ocrx_word' id='word_1_226' title='bbox 1293 3163 1431 3218; x_wconf 91' lang='lat' dir='ltr'>turcam</span> <span class='ocrx_word' id='word_1_227' title='bbox 1445 3155 1580 3218; x_wconf 87' lang='lat' dir='ltr'>adven·</span> 
     </span>
     <span class='ocr_line' id='line_1_27' title="bbox 349 3261 1580 3341; baseline -0.001 -18"><span class='ocrx_word' id='word_1_228' title='bbox 349 3270 427 3324; x_wconf 89' lang='lat' dir='ltr'>tare</span> <span class='ocrx_word' id='word_1_229' title='bbox 441 3277 521 3323; x_wconf 89' lang='lat' dir='ltr'>cum</span> <span class='ocrx_word' id='word_1_230' title='bbox 537 3262 651 3323; x_wconf 89' lang='lat' dir='ltr'>classe</span> <span class='ocrx_word' id='word_1_231' title='bbox 672 3269 706 3324; x_wconf 92' lang='lat' dir='ltr'>et</span> <span class='ocrx_word' id='word_1_232' title='bbox 725 3262 882 3324; x_wconf 87' lang='lat' dir='ltr'>exercitu</span> <span class='ocrx_word' id='word_1_233' title='bbox 903 3278 974 3324; x_wconf 90' lang='lat' dir='ltr'>non</span> <span class='ocrx_word' id='word_1_234' title='bbox 992 3262 1147 3335; x_wconf 90' lang='lat' dir='ltr'>modico,</span> <span class='ocrx_word' id='word_1_235' title='bbox 1169 3261 1235 3324; x_wconf 90' lang='lat' dir='ltr'>has</span> <span class='ocrx_word' id='word_1_236' title='bbox 1254 3262 1417 3340; x_wconf 83' lang='lat' dir='ltr'>regiones</span> <span class='ocrx_word' id='word_1_237' title='bbox 1436 3261 1580 3341; x_wconf 89' lang='lat' dir='ltr'>imples-</span> 
     </span>
     <span class='ocr_line' id='line_1_28' title="bbox 349 3367 1575 3449; baseline -0.001 -19"><span class='ocrx_word' id='word_1_238' title='bbox 349 3377 418 3445; x_wconf 88' lang='lat' dir='ltr'>set,</span> <span class='ocrx_word' id='word_1_239' title='bbox 433 3369 711 3449; x_wconf 89' lang='lat' dir='ltr'>praesertimque</span> <span class='ocrx_word' id='word_1_240' title='bbox 724 3368 813 3430; x_wconf 89' lang='lat' dir='ltr'>haec</span> <span class='ocrx_word' id='word_1_241' title='bbox 827 3367 955 3431; x_wconf 90' lang='lat' dir='ltr'>civitas</span> <span class='ocrx_word' id='word_1_242' title='bbox 974 3369 1019 3431; x_wconf 91' lang='lat' dir='ltr'>ab</span> <span class='ocrx_word' id='word_1_243' title='bbox 1040 3369 1117 3448; x_wconf 90' lang='lat' dir='ltr'>ipso</span> <span class='ocrx_word' id='word_1_244' title='bbox 1136 3369 1339 3432; x_wconf 88' lang='lat' dir='ltr'>crederetur</span> <span class='ocrx_word' id='word_1_245' title='bbox 1359 3367 1575 3445; x_wconf 88' lang='lat' dir='ltr'>invadenda,</span> 
     </span>
     <span class='ocr_line' id='line_1_29' title="bbox 347 3474 1580 3555; baseline -0.002 -19"><span class='ocrx_word' id='word_1_246' title='bbox 347 3481 485 3537; x_wconf 86' lang='lat' dir='ltr'>tantum</span> <span class='ocrx_word' id='word_1_247' title='bbox 499 3474 611 3537; x_wconf 87' lang='lat' dir='ltr'>abfuit</span> <span class='ocrx_word' id='word_1_248' title='bbox 624 3485 662 3538; x_wconf 92' lang='lat' dir='ltr'>ut</span> <span class='ocrx_word' id='word_1_249' title='bbox 681 3475 939 3552; x_wconf 89' lang='lat' dir='ltr'>adolescentes,</span> <span class='ocrx_word' id='word_1_250' title='bbox 959 3483 1145 3555; x_wconf 89' lang='lat' dir='ltr'>parentum</span> <span class='ocrx_word' id='word_1_251' title='bbox 1164 3475 1298 3537; x_wconf 90' lang='lat' dir='ltr'>scilicet</span> <span class='ocrx_word' id='word_1_252' title='bbox 1318 3490 1513 3553; x_wconf 79' lang='lat' dir='ltr'>memoreS,</span> <span class='ocrx_word' id='word_1_253' title='bbox 1537 3474 1580 3535; x_wconf 89' lang='lat' dir='ltr'>de</span> 
     </span>
     <span class='ocr_line' id='line_1_30' title="bbox 348 3580 1580 3662; baseline -0.002 -18"><span class='ocrx_word' id='word_1_254' title='bbox 348 3581 549 3659; x_wconf 90' lang='lat' dir='ltr'>repetendis</span> <span class='ocrx_word' id='word_1_255' title='bbox 563 3580 722 3644; x_wconf 92' lang='lat' dir='ltr'>domibus</span> <span class='ocrx_word' id='word_1_256' title='bbox 737 3590 798 3644; x_wconf 86' lang='lat' dir='ltr'>aut</span> <span class='ocrx_word' id='word_1_257' title='bbox 811 3581 978 3662; x_wconf 82' lang='lat' dir='ltr'>fugiendo</span> <span class='ocrx_word' id='word_1_258' title='bbox 993 3581 1201 3661; x_wconf 87' lang='lat' dir='ltr'>cogitarent,</span> <span class='ocrx_word' id='word_1_259' title='bbox 1215 3591 1334 3644; x_wconf 92' lang='lat' dir='ltr'>utnon</span> <span class='ocrx_word' id='word_1_260' title='bbox 1346 3581 1450 3644; x_wconf 91' lang='lat' dir='ltr'>modo</span> <span class='ocrx_word' id='word_1_261' title='bbox 1462 3580 1580 3643; x_wconf 92' lang='lat' dir='ltr'>nobis·</span> 
     </span>
     <span class='ocr_line' id='line_1_31' title="bbox 350 3685 1580 3766; baseline -0.001 -17"><span class='ocrx_word' id='word_1_262' title='bbox 350 3701 430 3749; x_wconf 92' lang='lat' dir='ltr'>cum</span> <span class='ocrx_word' id='word_1_263' title='bbox 444 3702 482 3748; x_wconf 90' lang='lat' dir='ltr'>se</span> <span class='ocrx_word' id='word_1_264' title='bbox 498 3687 687 3750; x_wconf 89' lang='lat' dir='ltr'>morituros</span> <span class='ocrx_word' id='word_1_265' title='bbox 705 3688 880 3766; x_wconf 90' lang='lat' dir='ltr'>lubenter,</span> <span class='ocrx_word' id='word_1_266' title='bbox 901 3688 1015 3750; x_wconf 88' lang='lat' dir='ltr'>sedet</span> <span class='ocrx_word' id='word_1_267' title='bbox 1033 3697 1222 3766; x_wconf 90' lang='lat' dir='ltr'>rogaturos</span> <span class='ocrx_word' id='word_1_268' title='bbox 1244 3686 1286 3765; x_wconf 91' lang='lat' dir='ltr'>(si</span> <span class='ocrx_word' id='word_1_269' title='bbox 1308 3687 1356 3749; x_wconf 90' lang='lat' dir='ltr'>ita</span> <span class='ocrx_word' id='word_1_270' title='bbox 1376 3703 1434 3749; x_wconf 92' lang='lat' dir='ltr'>res</span> <span class='ocrx_word' id='word_1_271' title='bbox 1455 3685 1580 3749; x_wconf 89' lang='lat' dir='ltr'>eveni-</span> 
     </span>
     <span class='ocr_line' id='line_1_32' title="bbox 349 3791 1577 3874; baseline 0.002 -22"><span class='ocrx_word' id='word_1_272' title='bbox 349 3791 415 3868; x_wconf 92' lang='lat' dir='ltr'>ret)</span> <span class='ocrx_word' id='word_1_273' title='bbox 427 3791 594 3869; x_wconf 89' lang='lat' dir='ltr'>dicerent,</span> <span class='ocrx_word' id='word_1_274' title='bbox 608 3794 843 3874; x_wconf 87' lang='lat' dir='ltr'>audacterque</span> <span class='ocrx_word' id='word_1_275' title='bbox 857 3793 1116 3874; x_wconf 89' lang='lat' dir='ltr'>pollicerentur,</span> <span class='ocrx_word' id='word_1_276' title='bbox 1129 3803 1167 3857; x_wconf 92' lang='lat' dir='ltr'>ut</span> <span class='ocrx_word' id='word_1_277' title='bbox 1181 3794 1236 3856; x_wconf 92' lang='lat' dir='ltr'>his</span> <span class='ocrx_word' id='word_1_278' title='bbox 1250 3793 1401 3857; x_wconf 84' lang='lat' dir='ltr'>facultas</span> <span class='ocrx_word' id='word_1_279' title='bbox 1416 3792 1577 3872; x_wconf 90' lang='lat' dir='ltr'>daretur,</span> 
     </span>
     <span class='ocr_line' id='line_1_33' title="bbox 350 3898 1579 3980; baseline 0.002 -22"><span class='ocrx_word' id='word_1_280' title='bbox 350 3914 431 3976; x_wconf 92' lang='lat' dir='ltr'>quo,</span> <span class='ocrx_word' id='word_1_281' title='bbox 447 3898 658 3962; x_wconf 89' lang='lat' dir='ltr'>adhortandi</span> <span class='ocrx_word' id='word_1_282' title='bbox 673 3918 781 3963; x_wconf 91' lang='lat' dir='ltr'>causa</span> <span class='ocrx_word' id='word_1_283' title='bbox 796 3909 830 3962; x_wconf 93' lang='lat' dir='ltr'>et</span> <span class='ocrx_word' id='word_1_284' title='bbox 850 3900 1096 3964; x_wconf 90' lang='lat' dir='ltr'>commonendi</span> <span class='ocrx_word' id='word_1_285' title='bbox 1116 3901 1244 3963; x_wconf 89' lang='lat' dir='ltr'>milites</span> <span class='ocrx_word' id='word_1_286' title='bbox 1265 3901 1448 3980; x_wconf 88' lang='lat' dir='ltr'>civesque,</span> <span class='ocrx_word' id='word_1_287' title='bbox 1473 3911 1512 3962; x_wconf 89' lang='lat' dir='ltr'>ut</span> <span class='ocrx_word' id='word_1_288' title='bbox 1537 3918 1579 3961; x_wconf 88' lang='lat' dir='ltr'>ea</span> 
     </span>
     <span class='ocr_line' id='line_1_34' title="bbox 348 4003 1581 4086; baseline 0.002 -21"><span class='ocrx_word' id='word_1_289' title='bbox 348 4003 506 4066; x_wconf 85' lang='lat' dir='ltr'>facerent</span> <span class='ocrx_word' id='word_1_290' title='bbox 521 4021 610 4086; x_wconf 89' lang='lat' dir='ltr'>quae</span> <span class='ocrx_word' id='word_1_291' title='bbox 626 4004 757 4069; x_wconf 87' lang='lat' dir='ltr'>Christi</span> <span class='ocrx_word' id='word_1_292' title='bbox 772 4006 899 4070; x_wconf 88' lang='lat' dir='ltr'>milites</span> <span class='ocrx_word' id='word_1_293' title='bbox 915 4007 1090 4086; x_wconf 90' lang='lat' dir='ltr'>decerent,</span> <span class='ocrx_word' id='word_1_294' title='bbox 1113 4005 1160 4069; x_wconf 88' lang='lat' dir='ltr'>ad</span> <span class='ocrx_word' id='word_1_295' title='bbox 1173 4007 1270 4069; x_wconf 90' lang='lat' dir='ltr'>urbis</span> <span class='ocrx_word' id='word_1_296' title='bbox 1285 4006 1424 4069; x_wconf 90' lang='lat' dir='ltr'>moenia</span> <span class='ocrx_word' id='word_1_297' title='bbox 1439 4004 1581 4085; x_wconf 89' lang='lat' dir='ltr'>profici·</span> 
     </span>
     <span class='ocr_line' id='line_1_35' title="bbox 349 4110 1577 4194; baseline 0.002 -22"><span class='ocrx_word' id='word_1_298' title='bbox 349 4119 543 4173; x_wconf 87' lang='lat' dir='ltr'>scerentur.</span> <span class='ocrx_word' id='word_1_299' title='bbox 560 4110 652 4190; x_wconf 92' lang='lat' dir='ltr'>Hoc,</span> <span class='ocrx_word' id='word_1_300' title='bbox 669 4122 809 4192; x_wconf 91' lang='lat' dir='ltr'>praeter</span> <span class='ocrx_word' id='word_1_301' title='bbox 823 4123 979 4191; x_wconf 88' lang='lat' dir='ltr'>caetera,</span> <span class='ocrx_word' id='word_1_302' title='bbox 999 4131 1090 4194; x_wconf 89' lang='lat' dir='ltr'>quae</span> <span class='ocrx_word' id='word_1_303' title='bbox 1108 4113 1263 4194; x_wconf 90' lang='lat' dir='ltr'>quotidie</span> <span class='ocrx_word' id='word_1_304' title='bbox 1284 4113 1320 4175; x_wconf 90' lang='lat' dir='ltr'>in</span> <span class='ocrx_word' id='word_1_305' title='bbox 1338 4112 1394 4175; x_wconf 91' lang='lat' dir='ltr'>his</span> <span class='ocrx_word' id='word_1_306' title='bbox 1413 4111 1577 4176; x_wconf 89' lang='lat' dir='ltr'>videmus</span> 
     </span>
    </p>
   </div>
   <div class='ocr_carea' id='block_1_5' title="bbox 348 4313 1583 4715">
    <p class='ocr_par' dir='ltr' id='par_1_7' title="bbox 349 4313 1579 4431">
     <span class='ocr_line' id='line_1_36' title="bbox 390 4313 1579 4374; baseline 0.005 -18"><span class='ocrx_word' id='word_1_307' title='bbox 390 4315 399 4347; x_wconf 72' lang='grc' dir='ltr'>ί</span> <span class='ocrx_word' id='word_1_308' title='bbox 426 4313 582 4364; x_wconf 84' lang='lat' dir='ltr'>Messanam.</span> <span class='ocrx_word' id='word_1_309' title='bbox 596 4315 743 4370; x_wconf 86' lang='lat' dir='ltr'>Drepanum</span> <span class='ocrx_word' id='word_1_310' title='bbox 757 4324 783 4361; x_wconf 89' lang='lat' dir='ltr'>ct</span> <span class='ocrx_word' id='word_1_311' title='bbox 800 4320 825 4362; x_wconf 90' lang='lat' dir='ltr'>in</span> <span class='ocrx_word' id='word_1_312' title='bbox 841 4321 907 4363; x_wconf 84' lang='lat' dir='ltr'>alias</span> <span class='ocrx_word' id='word_1_313' title='bbox 922 4321 1043 4363; x_wconf 83' lang='lat' dir='ltr'>civitates</span> <span class='ocrx_word' id='word_1_314' title='bbox 1059 4319 1175 4374; x_wconf 81' lang='lat' dir='ltr'>Pro-regi</span> <span class='ocrx_word' id='word_1_315' title='bbox 1193 4331 1278 4362; x_wconf 88' lang='lat' dir='ltr'>comes</span> <span class='ocrx_word' id='word_1_316' title='bbox 1294 4319 1380 4361; x_wconf 83' lang='lat' dir='ltr'>suerat</span> <span class='ocrx_word' id='word_1_317' title='bbox 1396 4320 1486 4372; x_wconf 87' lang='lat' dir='ltr'>primis</span> <span class='ocrx_word' id='word_1_318' title='bbox 1502 4320 1579 4373; x_wconf 74' lang='lat' dir='ltr'>huius</span> 
     </span>
     <span class='ocr_line' id='line_1_37' title="bbox 349 4385 670 4431; baseline 0.006 -2"><span class='ocrx_word' id='word_1_319' title='bbox 349 4385 409 4430; x_wconf 78' lang='lat' dir='ltr'>anal</span> <span class='ocrx_word' id='word_1_320' title='bbox 420 4387 549 4430; x_wconf 85' lang='lat' dir='ltr'>mensibus</span> <span class='ocrx_word' id='word_1_321' title='bbox 559 4386 670 4431; x_wconf 80' lang='lat' dir='ltr'>Natalis.</span> 
     </span>
    </p>

    <p class='ocr_par' dir='ltr' id='par_1_8' title="bbox 348 4456 1583 4652">
     <span class='ocr_line' id='line_1_38' title="bbox 390 4456 1583 4512; baseline 0.006 -14"><span class='ocrx_word' id='word_1_322' title='bbox 390 4456 401 4487; x_wconf 83' lang='lat'><strong>¹</strong></span> <span class='ocrx_word' id='word_1_323' title='bbox 428 4456 498 4508; x_wconf 86' lang='lat' dir='ltr'>Quae</span> <span class='ocrx_word' id='word_1_324' title='bbox 510 4458 639 4512; x_wconf 87' lang='lat' dir='ltr'>hucusque</span> <span class='ocrx_word' id='word_1_325' title='bbox 651 4459 715 4501; x_wconf 85' lang='lat' dir='ltr'>dixit</span> <span class='ocrx_word' id='word_1_326' title='bbox 727 4459 862 4506; x_wconf 83' lang='lat' dir='ltr'>Antonius.</span> <span class='ocrx_word' id='word_1_327' title='bbox 871 4464 939 4506; x_wconf 78' lang='lat' dir='ltr'>linea</span> <span class='ocrx_word' id='word_1_328' title='bbox 950 4462 1127 4506; x_wconf 84' lang='lat' dir='ltr'>circumducta</span> <span class='ocrx_word' id='word_1_329' title='bbox 1138 4464 1264 4508; x_wconf 89' lang='lat' dir='ltr'>conclusit</span> <span class='ocrx_word' id='word_1_330' title='bbox 1276 4464 1402 4508; x_wconf 82' lang='lat' dir='ltr'>Polancus</span> <span class='ocrx_word' id='word_1_331' title='bbox 1412 4475 1443 4506; x_wconf 85' lang='lat' dir='ltr'>ne</span> <span class='ocrx_word' id='word_1_332' title='bbox 1454 4463 1583 4507; x_wconf 81' lang='lat' dir='ltr'>transcri-</span> 
     </span>
     <span class='ocr_line' id='line_1_39' title="bbox 350 4527 1581 4586; baseline 0.007 -17"><span class='ocrx_word' id='word_1_333' title='bbox 350 4527 480 4582; x_wconf 86' lang='lat' dir='ltr'>berentur;</span> <span class='ocrx_word' id='word_1_334' title='bbox 492 4529 578 4582; x_wconf 85' lang='lat' dir='ltr'>itaque</span> <span class='ocrx_word' id='word_1_335' title='bbox 589 4541 604 4572; x_wconf 91' lang='lat' dir='ltr'>a</span> <span class='ocrx_word' id='word_1_336' title='bbox 614 4531 778 4583; x_wconf 87' lang='lat' dir='ltr'>sequentibus</span> <span class='ocrx_word' id='word_1_337' title='bbox 788 4534 873 4575; x_wconf 84' lang='lat' dir='ltr'>verbis</span> <span class='ocrx_word' id='word_1_338' title='bbox 885 4534 952 4586; x_wconf 82' lang='lat' dir='ltr'>quod</span> <span class='ocrx_word' id='word_1_339' title='bbox 968 4535 1004 4576; x_wconf 83' lang='lat' dir='ltr'>ud</span> <span class='ocrx_word' id='word_1_340' title='bbox 1018 4534 1255 4580; x_wconf 69' lang='lat' dir='ltr'>domesticorum...</span> <span class='ocrx_word' id='word_1_341' title='bbox 1272 4537 1371 4580; x_wconf 84' lang='lat' dir='ltr'>initium</span> <span class='ocrx_word' id='word_1_342' title='bbox 1387 4541 1491 4580; x_wconf 86' lang='lat' dir='ltr'>sumunt</span> <span class='ocrx_word' id='word_1_343' title='bbox 1509 4541 1581 4578; x_wconf 81' lang='lat' dir='ltr'>trau·</span> 
     </span>
     <span class='ocr_line' id='line_1_40' title="bbox 348 4601 630 4652; baseline 0.011 -12"><span class='ocrx_word' id='word_1_344' title='bbox 348 4605 451 4652; x_wconf 78' lang='lat' dir='ltr'>sumpta</span> <span class='ocrx_word' id='word_1_345' title='bbox 461 4601 630 4652; x_wconf 83' lang='lat' dir='ltr'>exemplaria.</span> 
     </span>
    </p>

    <p class='ocr_par' dir='ltr' id='par_1_9' title="bbox 390 4669 764 4715">
     <span class='ocr_line' id='line_1_41' title="bbox 390 4669 764 4715; baseline 0.011 -4"><span class='ocrx_word' id='word_1_346' title='bbox 390 4669 402 4700; x_wconf 60' lang='grc' dir='ltr'><strong>ὅ</strong></span> <span class='ocrx_word' id='word_1_347' title='bbox 429 4669 456 4712; x_wconf 87' lang='grc' dir='ltr'>Ρ.</span> <span class='ocrx_word' id='word_1_348' title='bbox 469 4669 602 4713; x_wconf 83' lang='lat' dir='ltr'>Cornelius</span> <span class='ocrx_word' id='word_1_349' title='bbox 612 4671 764 4715; x_wconf 81' lang='lat' dir='ltr'>Wishaven.</span> 
     </span>
    </p>
   </div>
   <div class='ocr_carea' id='block_1_6' title="bbox 0 0 1707 5524">
    <p class='ocr_par' dir='ltr' id='par_1_10' title="bbox 0 0 1707 5524">
     <span class='ocr_line' id='line_1_42' title="bbox 0 0 1707 5524; baseline 0 0"><span class='ocrx_word' id='word_1_350' title='bbox 0 0 1707 5524; x_wconf 95' lang='lat' dir='ltr'> </span> 
     </span>
    </p>
   </div>
  </div>
 </body>
</html>
