3378 5530
382 481 446 546 .-138
697 527 701 536 .
774 485 945 546 errnuas
964 500 1235 554 ouaomussruns

451 624 633 708 Nonnulli,
657 629 717 710 qui
738 647 761 694 a
782 630 963 711 spiritibus
974 631 1163 696 immundis
1178 631 1418 710 vexabantur,
1441 630 1550 694 etiam
1565 631 1618 694 his

393 743 544 816 quatuor
557 737 737 801 mensibus
752 737 796 800 ad
812 756 878 803 nos
892 738 1051 818 adducti,
1068 757 1177 821 opera
1196 739 1234 804 P.
1256 738 1412 803 Cornelii
1426 737 1524 802 Deus
1537 738 1616 800 libe-

391 841 497 906 ravit.

452 947 600 1029 Reliqua
627 952 762 1032 omitt0,
784 951 860 1016 ΙΨ
879 953 931 1034 P.,
953 971 1044 1034 quae
1069 951 1176 1016 scribi
1188 961 1349 1034 possent,
1376 969 1458 1017 cum
1477 953 1545 1016 sint
1566 953 1620 1015 his

393 1053 537 1136 similia,
559 1074 650 1137 quae
671 1059 805 1140 scripta
823 1070 919 1139 sunt,
943 1071 1004 1123 aut
1025 1061 1173 1126 minora.
1199 1059 1320 1140 Itaque
1341 1059 1517 1140 reliquum
1536 1059 1618 1123 illud

394 1180 473 1227 esse
487 1164 643 1244 videtur,
665 1167 753 1230 utin
772 1167 827 1231 bis
846 1168 986 1232 laudem
1008 1177 1041 1232 et
1061 1169 1213 1247 gloriam
1233 1185 1374 1234 ornnem
1394 1165 1473 1230 Deo
1495 1166 1616 1230 tribua·

394 1287 490 1349 mus,
507 1273 568 1352 qui
586 1273 741 1354 loquitur
756 1284 791 1338 et
806 1285 973 1354 operatur
994 1275 1113 1338 omnia
1132 1276 1168 1338 in
1186 1275 1347 1340 omnibus
1369 1291 1462 1354 quae
1485 1274 1618 1336 laudari

395 1385 431 1440 et
455 1379 600 1460 probari
624 1391 787 1461 possunt,
814 1382 857 1446 de
885 1382 987 1446 nobis
1014 1383 1188 1447 fateamur
1213 1382 1306 1462 quod
1329 1381 1514 1456 debemus,
1541 1381 1618 1460 quia

395 1485 492 1548 servi
513 1485 654 1550 inutiles
674 1506 810 1552 sumus:
834 1487 921 1552 nihil
939 1490 1033 1553 enim
1055 1488 1204 1552 fecimus
1223 1488 1316 1570 quod
1335 1487 1452 1551 facere
1474 1505 1546 1551 non
1567 1487 1617 1548 de-

395 1591 552 1672 buimus;
575 1595 685 1657 multa
712 1612 798 1658 vero
829 1595 1049 1676 reliquimus,
1079 1613 1168 1675 quae
1192 1595 1305 1658 nostri
1327 1595 1485 1658 muneris
1511 1605 1618 1656 erant.

401 1697 493 1761 Hinc
517 1699 626 1779 igitur
652 1703 844 1766 accusandi
870 1703 1000 1766 erimus
1025 1703 1119 1782 quod
1140 1699 1347 1781 deiecimus;
1376 1701 1457 1764 inde
1484 1699 1619 1764 Christo

396 1805 537 1884 gratiae
559 1806 758 1871 reddendae
783 1819 901 1887 erunt,
922 1810 1016 1890 quod
1041 1810 1173 1891 aliquid
1197 1809 1303 1872 etiam
1320 1825 1384 1889 per
1398 1824 1465 1870 nos
1486 1808 1620 1887 operari

397 1912 567 1991 voluerit,
588 1913 664 1977 sine
684 1933 753 1996 quo
773 1933 844 1978 non
862 1919 977 1980 solum
994 1915 1112 1980 lacere
1133 1935 1179 1979 ex
1198 1916 1299 1980 nobis
1319 1915 1510 1996 quicquam
1525 1915 1618 1993 quasi

396 2035 442 2080 ex
457 2019 574 2100 nobiS,
592 2021 654 2084 sed
669 2037 713 2084 ne
728 2023 889 2102 cogitare
904 2015 1044 2104 quidem
1058 2040 1256 2104 possumus.

457 2124 507 2188 At
522 2136 667 2206 quaeret
683 2146 777 2193 nunc
791 2130 942 2193 sortasse
958 2129 995 2192 P.
1013 2129 1052 2192 T.
1066 2178 1073 2208 ,
1090 2128 1133 2192 de
1149 2129 1287 2207 studiis,
1309 2127 1411 2208 quid?
1432 2125 1481 2188 Ut
1500 2127 1618 2201 solent,

398 2229 519 2309 Pater;
541 2235 659 2298 nullae
680 2236 849 2298 lectiones
869 2236 1090 2315 immutatae,
1113 2236 1200 2299 nihil
1220 2237 1445 2314 innovatum,
1463 2233 1548 2297 nihil
1566 2233 1617 2294 ad-

401 2338 512 2402 ditum
532 2339 614 2404 suit:
635 2342 671 2404 in
696 2344 770 2407 suis
789 2352 909 2408 tamen
931 2343 1056 2407 studiis
1081 2344 1229 2424 quisque
1253 2341 1392 2423 prolicit
1417 2350 1451 2404 et
1477 2342 1513 2402 in
1538 2339 1618 2407 dies.

400 2444 532 2510 Christi
561 2446 703 2512 Domini
727 2450 847 2514 Nostri
875 2452 1009 2530 gratia,
1038 2450 1138 2530 cujus
1163 2451 1297 2530 gloriae
1326 2465 1448 2512 omnes
1473 2446 1619 2513 student.

401 2553 586 2634 peritiores
610 2555 707 2619 fiunt.
735 2555 788 2620 De
810 2558 934 2621 studiis
958 2568 1075 2620 autem
1100 2567 1134 2620 et
1159 2555 1384 2630 lectionibus,
1410 2570 1502 2634 quae
1528 2551 1619 2614 breti

402 2660 504 2724 nobis
519 2664 751 2726 assumendae
771 2673 888 2744 erunt,
910 2664 997 2727 nihil
1016 2664 1131 2728 adhuc
1153 2663 1383 2727 deliberatum
1397 2670 1468 2739 est;
1485 2659 1616 2722 Patrem

401 2784 552 2848 namque
580 2769 742 2833 Natalem
769 2779 1034 2852 exspectamus,
1065 2788 1168 2850 quem
1197 2779 1385 2833 venturum
1413 2767 1514 2830 brevi
1537 2765 1618 2827 affir-

401 2885 514 2956 mant,
541 2877 607 2940 etsi
626 2877 711 2940 nihil
734 2878 821 2941 certi
839 2879 942 2942 nobis
969 2877 1012 2941 de
1038 2879 1106 2940 hac
1125 2896 1164 2941 re
1179 2877 1252 2940 suis
1265 2876 1391 2939 litteris
1405 2873 1617 2956 polliceatur;

401 2982 464 3047 sed
478 2984 508 3046 si
523 2984 652 3048 diutius
667 2985 873 3062 morabitur,
890 2985 1097 3048 deliberabit
1108 2984 1145 3046 P.
1163 2984 1338 3046 Antonius
1353 2980 1438 3062 quid
1453 2980 1618 3059 agendum

401 3089 462 3166 sit;
483 3099 558 3153 tum
577 3091 661 3170 quid
681 3101 800 3155 actum
821 3091 943 3172 suerit,
963 3091 1217 3154 Paternitatem
1238 3099 1335 3152 tuam
1351 3088 1537 3151 certiorem
1550 3085 1618 3146 red·

402 3195 541 3274 demus,
558 3196 659 3278 cujus
676 3198 840 3277 precibus
859 3198 1051 3261 humillime
1070 3215 1135 3261 nos
1157 3195 1456 3260 commendamus.
1477 3194 1620 3270 Itemque

402 3304 555 3385 petimus
573 3316 611 3367 ut
630 3304 757 3384 reliqui
775 3302 899 3367 Patres
922 3304 1136 3385 Fratresque
1155 3303 1266 3366 nostri
1281 3303 1318 3364 in
1339 3301 1482 3366 Christo
1501 3299 1619 3362 cbaris-

404 3411 485 3474 simi
499 3422 659 3475 nostrum
672 3411 828 3475 omnium
839 3411 875 3474 in
887 3411 960 3474 suis
972 3410 1157 3474 sacrificiis
1169 3419 1273 3490 atque
1285 3408 1450 3490 precibus
1462 3407 1507 3470 ad
1517 3404 1620 3468 Deum

405 3518 613 3582 memoriam
629 3518 794 3581 habeant.

466 3625 701 3716 Nuncautem
715 3624 891 3688 Dominus
906 3623 948 3688 N.
964 3625 1067 3707 Jesus
1082 3622 1243 3687 Christus
1259 3613 1312 3686 ‘ita
1331 3637 1398 3684 nos
1415 3637 1535 3683 omnes
1549 3636 1621 3680 ocu·

404 3731 448 3795 lis
461 3731 604 3812 pietatis
618 3749 703 3796 suae
717 3741 887 3813 perpetuo
901 3731 1088 3811 respiciat,
1105 3739 1143 3793 ut
1163 3729 1228 3794 sub
1247 3729 1372 3792 umbra
1392 3729 1527 3791 alarum
1541 3725 1623 3787 illius

406 3839 573 3920 protecti,
591 3839 751 3902 omnibus
767 3838 890 3901 diebus
908 3839 1004 3900 vitae
1023 3845 1167 3900 nostrae
1187 3837 1224 3898 in
1241 3835 1391 3900 veritate
1407 3843 1441 3897 et
1454 3832 1581 3912 justitia
1595 3830 1621 3888 ei

407 3945 621 4023 serviamus,
639 3962 822 4026 quousque
836 3945 918 4008 hinc
934 3943 1119 4023 assumpti,
1141 3943 1237 4005 illam
1258 3941 1501 4004 felicissimam
1513 3938 1621 4002 civita-

408 4063 480 4118 tem
493 4052 751 4133 ingrediamur,
768 4051 812 4114 de
826 4069 896 4132 qua
910 4051 1066 4130 gloriosa
1081 4047 1261 4128 dicuntur,
1277 4057 1312 4111 et
1326 4047 1363 4110 in
1377 4064 1463 4127 qua,
1479 4056 1516 4110 ut
1530 4060 1622 4124 spero

407 4176 472 4242 per
486 4158 766 4224 misericordiam
779 4158 889 4234 illius,
905 4157 965 4237 qui
980 4174 1046 4220 nos
1056 4156 1093 4221 in
1104 4172 1214 4220 uuum
1225 4153 1382 4233 collegit,
1396 4153 1501 4216 simul
1514 4167 1626 4214 omnes

410 4284 540 4330 nomen
554 4265 699 4330 Domini
712 4266 748 4329 in
763 4267 905 4329 saecula
921 4265 1144 4329 saeculorum
1158 4261 1391 4327 laudabimus.
1407 4260 1533 4324 Arnen.

472 4371 604 4439 Datum
616 4371 757 4436 Messan
775 4391 805 4434 e
822 4372 858 4434 15
872 4370 1098 4452 SeptembriS,
1114 4369 1160 4432 M.
1177 4368 1223 4432 D.
1238 4367 1278 4432 L.
1295 4366 1321 4430 Ι.

817 4532 1040 4596 ΒΕΝΕυιοτυε
1060 4529 1218 4593 Pacuius
1238 4527 1440 4592 Panunusrs
1457 4524 1476 4590 ¹.

455 4745 463 4777 ¹
493 4744 591 4790 Ultlmu
603 4750 703 4788 tuntum
714 4747 803 4798 verbu,
814 4755 860 4788 scr
869 4741 997 4788 Datum...
1008 4741 1166 4786 Purrnrnsis
1176 4745 1235 4785 suut
1246 4751 1323 4784 manu
1333 4739 1466 4786 Benedicti
1477 4735 1572 4784 eunti.
