3390 5536
367 483 422 540 51⁶2
764 483 933 538 erranaa:
953 496 1222 547 QUADRlltESTREs

368 629 649 708 precibusvariis
661 627 827 708 quotidie,
838 627 897 690 alii
908 643 1060 707 namque
1071 644 1196 707 preces
1205 627 1378 704 horariaS,
1389 627 1451 688 alii
1462 635 1597 705 septem

368 737 538 814 psalmoS,
556 735 615 798 alii
629 733 790 814 Virginis
810 735 999 812 rosarium,
1017 743 1054 796 ut
1076 735 1145 797 illis
1167 732 1363 812 injunctum
1376 743 1446 811 est,
1464 734 1596 812 persol-

369 853 464 921 vunt,
482 844 735 919 auscultantes
751 841 1001 922 religionisque
1016 841 1233 904 christianae
1248 859 1319 904 non
1334 841 1514 903 mediocre
1527 853 1595 903 stu-

365 951 462 1012 dium
483 966 569 1029 prae
585 967 623 1011 se
637 948 801 1012 ferentes.
819 948 910 1012 Nam
923 966 993 1027 quo
1008 949 1045 1010 in
1060 967 1101 1010 ea
1116 959 1351 1028 promoveant
1373 964 1445 1010 non
1461 959 1594 1026 praete-

366 1056 411 1118 rit
425 1056 499 1119 dies
514 1055 639 1133 festus
656 1057 691 1118 in
707 1072 775 1135 quo
791 1056 892 1118 verbi
914 1055 981 1117 Dei
996 1071 1073 1117 sese
1089 1054 1271 1118 auditores
1293 1071 1365 1117 non
1387 1054 1593 1133 praebeant.

366 1163 493 1225 liirum
509 1163 667 1242 profecto
682 1163 776 1242 quod
791 1163 834 1225 de
849 1163 1003 1242 quodam
1017 1162 1120 1226 nobis
1139 1162 1301 1224 narravit
1323 1159 1364 1224 R.
1387 1159 1493 1224 Pater
1513 1159 1594 1222 Pro-

367 1269 528 1332 uincialis
545 1267 565 1346 ¹,
580 1287 717 1350 nempe,
732 1269 824 1332 hunc
840 1270 897 1331 vel
911 1267 1158 1332 infestissimas
1173 1268 1386 1332 tentationes
1402 1267 1438 1330 in
1452 1267 1595 1330 nomine

362 1376 449 1457 ‚lesu
463 1393 661 1456 superasse.
680 1376 713 1438 Is
728 1376 821 1439 enim
840 1377 900 1455 qui
923 1375 1017 1456 apud
1038 1393 1105 1438 nos
1125 1375 1368 1438 ecclesiastem
1386 1375 1478 1452 agit,
1501 1376 1596 1436 nosti

365 1501 468 1562 quem
482 1483 562 1546 dico
574 1482 597 1560 ²,
610 1500 690 1546 cum
705 1482 857 1546 nominis
871 1483 1084 1546 venerahilis
1094 1482 1179 1564 Jesu
1190 1483 1373 1561 energiam
1388 1480 1595 1543 efficaciam-

363 1608 430 1669 que
445 1593 554 1653 semel
569 1592 763 1670 extolleret,
780 1589 825 1654 ad
840 1606 954 1670 genus
969 1591 1085 1654 omnis
1101 1590 1306 1653 certaminis
1322 1589 1471 1668 clipeum
1483 1605 1526 1648 ac
1543 1599 1595 1649 tu·

363 1707 482 1760 tamen
497 1715 574 1760 esse
589 1706 817 1775 monstrarat.
885 1697 888 1701 ’

422 1803 496 1867 Nec
521 1822 607 1867 vero
629 1804 770 1867 interim
791 1805 990 1868 doctrinam
1014 1803 1245 1866 christianam
1265 1803 1301 1866 in
1322 1805 1512 1883 postremis
1535 1805 1596 1866 ba-

363 1911 461 1988 bent,
478 1909 576 1990 cujus
592 1910 801 1974 ediscendae
815 1927 953 1974 summo
970 1919 1134 1973 tenentur
1155 1909 1347 1987 desiderio,
1371 1927 1455 1973 nam
1474 1911 1595 1989 piacu-

361 2018 434 2080 lum
461 2018 597 2097 grande
626 2019 795 2080 ducerent
829 2018 859 2080 si
887 2017 1052 2081 serotinis
1081 2017 1299 2097 temporibus
1324 2017 1591 2096 egrederentur,

361 2124 453 2186 illius
468 2125 618 2187 lectione
628 2126 803 2203 neglecta.
821 2124 930 2204 Quid?
945 2133 1067 2187 mutuo
1078 2141 1157 2187 sese
1172 2124 1218 2187 ad
1232 2133 1486 2206 praeceptores
1501 2124 1595 2187 deie-

363 2240 459 2310 runt,
484 2231 514 2293 si
539 2231 598 2312 qui
617 2248 679 2312 per
699 2231 971 2311 imprudentiam
995 2231 1088 2293 illius
1114 2247 1288 2294 memores
1313 2247 1384 2293 non
1411 2230 1592 2294 fuerimus

361 2337 466 2416 Quod
481 2337 573 2401 idem
587 2347 782 2418 praestant,
796 2338 881 2401 dum
894 2355 983 2417 quos
998 2338 1173 2400 tantillam
1188 2336 1359 2401 offensam
1374 2346 1520 2417 patrare
1536 2339 1592 2400 ad·

360 2453 514 2523 vertunt,
530 2462 668 2524 nempe,
685 2445 716 2508 si
726 2444 889 2524 jurarint,
906 2454 1007 2525 turpe
1022 2444 1106 2525 quid
1121 2445 1349 2524 protulerint,
1367 2462 1493 2524 preces
1509 2462 1592 2526 quo-

359 2551 514 2614 tidianas
528 2553 765 2631 neglexerint,
782 2561 903 2616 mutuo
918 2552 1158 2615 concertarint
1173 2561 1234 2613 aut
1253 2551 1443 2630 ejusmodi,
1467 2552 1592 2631 quibus

361 2659 446 2721 olim
462 2658 604 2721 obnoxii
619 2668 731 2737 erant,
747 2658 953 2722 admiserint
967 2658 1158 2738 quidpiam.
1175 2658 1344 2737 Magnum
1359 2659 1468 2720 etiam
1483 2657 1588 2722 humi-

362 2765 471 2828 litatis
486 2765 626 2828 suturae
641 2765 854 2845 portendunt
872 2767 1029 2844 signum,
1052 2765 1137 2844 quin
1155 2774 1190 2827 et
1211 2765 1469 2828 emendationis
1488 2781 1591 2843 argu-

361 2881 534 2950 mentum,
551 2870 640 2934 adde
656 2881 689 2934 et
704 2872 862 2952 priorum
875 2889 1050 2934 noxarum
1065 2872 1197 2935 doloris
1211 2870 1397 2949 indicium,
1422 2887 1504 2934 cum
1526 2873 1590 2933 sin-

357 2979 451 3055 gulis
465 2979 644 3042 mensibus
659 2980 767 3042 semel
781 2980 906 3042 saltem
926 2977 1137 3042 confitentur
1158 2988 1278 3057 atque,
1302 2979 1338 3040 in
1360 2977 1552 3057 collegium
1572 2995 1590 3038 e

359 3084 472 3147 sacris
490 3083 636 3147 aedibus
656 3085 807 3161 reversi,
829 3087 947 3164 palam
966 3086 1002 3148 111
1023 3084 1190 3148 classium
1213 3085 1328 3148 medio
1348 3085 1450 3147 multi
1469 3102 1590 3148 eorum

358 3209 480 3254 coram
499 3191 787 3270 praeceptoribus
812 3191 1000 3271 procidunt
1023 3193 1268 3272 supplicesque
1292 3191 1337 3252 ab
1362 3191 1414 3253 eis
1439 3190 1588 3270 ignosci,

353 3297 486 3376 junctis
501 3297 663 3360 manibus
679 3308 870 3378 opertoque
886 3299 1000 3377 capite
1013 3299 1124 3376 (sic),
1140 3299 1331 3378 postulant.
1355 3298 1402 3361 Ut
1422 3298 1590 3360 brevibus

356 3405 553 3478 absolvam,
570 3403 630 3484 qui
645 3414 697 3466 est
711 3405 780 3467 illis
795 3425 815 3467 a
831 3405 1110 3468 confessionibus
1125 3406 1213 3468 satis
1224 3404 1349 3468 mirari
1364 3405 1487 3483 nequit
1507 3423 1589 3484 quo·

355 3511 464 3574 modo
476 3509 564 3572 adeo
576 3511 702 3574 tenella
711 3511 770 3573 illa
778 3520 877 3574 aetas
885 3511 1047 3591 spiritum
1055 3511 1122 3575 Dei
1129 3511 1286 3574 imbibat.
1297 3510 1367 3575 Sed
1379 3512 1437 3574 ille
1445 3512 1504 3573 ubi
1515 3514 1587 3575 vult

357 3617 480 3694 spirat,
494 3625 527 3678 et
542 3633 618 3694 noS,
632 3617 663 3679 si
673 3619 837 3680 volumus
849 3617 1090 3697 audimusque,
1105 3618 1265 3698 suggerit
1281 3627 1315 3680 et
1330 3617 1434 3680 docet
1447 3618 1585 3696 quando

359 3724 444 3800 vult,
460 3731 494 3784 et
509 3722 654 3797 dociles,
672 3723 701 3784 si
717 3725 890 3801 volumus,
907 3741 973 3786 nos
987 3724 1085 3804 ipsos
1099 3724 1294 3802 reddimus,
1312 3723 1358 3786 ad
1373 3724 1503 3786 ostium
1519 3733 1585 3785 stat

356 3840 392 3892 et
406 3830 534 3909 pulsat,
553 3837 587 3891 et
602 3846 677 3906 nos,
694 3829 724 3890 si
739 3828 912 3908 audimus,
929 3831 1121 3910 aperimus.

416 3936 639 4015 Quamquam
659 3945 693 3998 et
711 3946 876 4016 parentes
897 3938 1070 4016 nonnulli,
1094 3938 1269 4001 laudabile
1291 3947 1580 4010 commemoratu,

352 4042 470 4120 ips‘um
485 4043 592 4105 etiam
605 4041 775 4123 Spiritum
786 4040 913 4121 iuvant
924 4044 1025 4124 eique
1037 4053 1284 4124 cooperantur,
1301 4045 1398 4122 dum,
1412 4044 1449 4106 in
1464 4059 1580 4121 regen·

353 4149 409 4210 dis
423 4148 714 4229 instituendisque
733 4147 831 4227 filiis,
855 4149 1060 4228 diligentem
1082 4168 1205 4214 curam
1224 4160 1354 4230 gerunt
1373 4151 1520 4231 gerique
1540 4148 1580 4212 ab

356 4254 434 4316 aliis
449 4254 597 4317 sollicite
612 4263 753 4334 curant,
770 4255 800 4317 si
814 4256 898 4335 quid
913 4256 948 4318 in
964 4257 1015 4320 eis
1030 4257 1164 4320 sinistri
1185 4257 1492 4336 animadvertunt,
1515 4273 1580 4318 non

355 4361 495 4441 impune
510 4361 603 4424 ferre
618 4362 815 4441 patiuntur:
832 4363 972 4442 ipsimet
987 4365 1080 4426 enim
1100 4362 1143 4426 de
1165 4364 1248 4442 illis,
1271 4364 1408 4427 meritis
1428 4365 1578 4443 dignum,

395 4636 402 4668 ¹
432 4635 460 4678 Ρ.
468 4634 630 4680 Paschasius.
640 4635 679 4680 Ita
691 4637 847 4683 interlineas
858 4641 991 4696 Polaticus,
1003 4643 1076 4697 cujus
1085 4643 1143 4687 vide
1155 4643 1258 4693 clarore,
1268 4651 1286 4686 t.
1299 4654 1328 4694 11,
1344 4655 1403 4697 pag.
1414 4643 1463 4700 ‘Jl7,
1475 4641 1552 4704 11116.

392 4709 404 4738 Ξ
432 4707 456 4749 Is
467 4705 569 4750 videtur
579 4718 634 4750 esse
646 4709 699 4762 ipse
709 4709 870 4756 Pelletarius.
882 4713 947 4756 Vide
960 4714 1085 4768 Potnuco,
1098 4717 1115 4758 1.
1126 4727 1158 4768 c.,
1169 4727 1229 4770 pag.
1242 4716 1288 4766 187,
1300 4716 1369 4758 1143.
