3400 5532
371 567 426 626 322
780 569 950 628 errxnne
970 586 1240 638 Qunuxrussrxas

371 715 474 778 citer:
491 715 668 778 adducunt
683 715 776 779 enim
787 732 859 779 non
880 732 1025 796 paucos.
1048 716 1147 795 Quae
1169 735 1238 794 res,
1261 718 1329 780 etsi
1344 717 1389 780 sit
1405 718 1610 795 laudabilis,

370 821 462 885 cedit
477 831 596 884 tamen
610 823 704 900 huic,
721 839 827 902 quam
843 821 1067 902 subjungam.

430 927 519 992 Sunt
541 930 685 1009 quidam
700 930 884 992 interillos
904 929 992 992 adeo
1018 930 1183 1010 operibus
1206 929 1473 994 misericordiae
1495 932 1606 994 dediti

370 1045 417 1111 ut,
435 1053 584 1116 vespere
595 1055 614 1098 e
627 1037 757 1099 scholis
768 1035 914 1115 dimissi,
928 1052 999 1098 non
1011 1036 1110 1115 prius
1121 1053 1206 1099 suas
1220 1044 1393 1116 repetant,
1407 1053 1516 1116 quam
1529 1056 1606 1100 car·

368 1143 508 1206 ceribus
523 1145 664 1206 clausos
678 1143 918 1218 visitaverint;
937 1152 1087 1224 suntque
1102 1143 1138 1206 hi
1153 1143 1363 1223 praesertim
1378 1145 1491 1225 pueri,
1510 1147 1606 1225 quod

368 1249 496 1313 mirum
511 1259 579 1328 est,
596 1267 794 1330 aquamque
809 1259 843 1312 et
857 1247 992 1330 reliqua
1006 1267 1097 1330 quae
1111 1259 1259 1329 possunt
1274 1267 1338 1313 sua
1353 1259 1479 1330 sponte
1501 1253 1607 1315 mini·

369 1367 499 1434 strant;
519 1358 724 1437 plerumque
745 1357 851 1419 etiam
873 1357 1041 1419 collectas
1060 1373 1124 1436 per
1143 1357 1267 1419 urbem
1288 1359 1536 1437 eleemosynas
1559 1359 1604 1420 ad

368 1481 429 1526 eos
444 1463 623 1539 deferunt,
646 1471 680 1526 et
700 1462 746 1525 ad
766 1463 1026 1526 consessionem
1046 1464 1232 1526 hortantur
1254 1463 1502 1544 hortandoque
1526 1483 1606 1544 per-

368 1587 474 1650 saepe
499 1569 593 1650 quod
617 1572 739 1632 volunt
760 1569 960 1633 conficiunt.
983 1569 1023 1632 Id
1041 1586 1127 1632 vero
1147 1587 1190 1632 ea
1208 1570 1343 1633 iaciunt
1370 1571 1547 1634 charitate
1569 1583 1603 1634 et

366 1677 589 1757 simplicitate
614 1695 657 1740 ac
680 1675 836 1752 fervore,
863 1684 901 1739 ut
920 1676 1139 1738 contendant
1163 1676 1270 1738 etiarn
1290 1677 1349 1756 qui
1365 1677 1471 1757 primi
1493 1694 1596 1750 vasa,

365 1801 455 1863 quae
468 1783 505 1846 in
519 1784 614 1846 hunc
628 1800 732 1846 usum
752 1783 817 1846 sibi
833 1783 973 1862 ipsimet
994 1782 1238 1845 adolescentes
1258 1793 1525 1863 compararunt,
1545 1803 1600 1846 ar·

364 1891 499 1970 repturi
514 1891 584 1953 sint
598 1899 636 1952 ut
651 1900 814 1952 caeteros
828 1889 974 1951 vincant
990 1887 1114 1951 officio.
1132 1887 1284 1968 Quidam
1306 1891 1429 1969 etiam,
1447 1890 1536 1953 nihil
1547 1889 1601 1969 ju—

363 1996 477 2076 bente,
495 1996 565 2060 imo
580 2013 666 2059 vero
681 1997 886 2076 plerumque
900 1995 1040 2075 penitus
1055 1994 1166 2058 inscio
1182 2007 1431 2077 praeceptore,
1449 1999 1599 2060 eleemo-

363 2119 472 2183 synas
487 2103 524 2166 in
538 2103 678 2183 templis
691 2113 771 2183 post
784 2103 975 2165 conciones
990 2111 1024 2164 et
1038 2101 1214 2164 sacrificia
1232 2103 1415 2182 colligunt,
1433 2109 1599 2184 pauperi-

361 2210 442 2289 buS,
469 2210 624 2273 maxime
646 2210 817 2288 aegrotis,
844 2207 1080 2287 elargiendas.
1106 2207 1206 2287 Quae
1231 2226 1288 2271 res
1315 2210 1363 2272 ita
1386 2212 1601 2290 parentibus

362 2317 504 2397 placuit,
522 2327 559 2380 ut
574 2317 732 2397 ipsorum
747 2317 855 2379 etiam
870 2316 1024 2396 quidam,
1040 2315 1127 2378 moti
1141 2315 1293 2379 filiorum
1307 2319 1482 2398 exemplo,
1502 2319 1595 2382 idem

361 2434 483 2502 postea
498 2424 657 2487 fecerint.
671 2423 749 2502 Quo
765 2423 898 2486 sactum
914 2431 950 2485 ut
966 2421 1074 2502 aliqui
1085 2423 1343 2487 intolerandam
1356 2425 1490 2504 alioqui
1502 2426 1596 2489 hanc

359 2546 523 2593 annonae
540 2529 731 2593 caritatem
746 2529 882 2592 minore
896 2528 1039 2592 tulerint
1053 2529 1288 2592 incommodo.

418 2635 513 2700 Inter
528 2653 617 2716 quos
630 2653 720 2699 unus
734 2637 925 2716 praecipue
940 2635 1004 2697 fuit
1018 2636 1202 2698 ulcerosus
1217 2637 1408 2700 admodum
1423 2646 1459 2700 et
1482 2639 1593 2701 scabi—

358 2743 424 2806 dus
439 2742 528 2834 adeo
544 2751 582 2806 ut
596 2743 659 2806 vix
674 2743 723 2805 illi
737 2744 828 2806 lecto
844 2741 966 2821 egredi
982 2741 1119 2820 liceret,
1136 2741 1210 2822 qui,
1228 2758 1309 2806 cum
1329 2744 1510 2807 neminem
1532 2746 1587 2808 ha-

358 2850 470 2929 beret,
487 2865 593 2930 aquo
615 2851 672 2912 vel
694 2849 868 2912 tantillum
886 2847 1142 2926 sublevaretur,
1164 2864 1277 2927 paene
1297 2848 1488 2913 videbatur
1508 2850 1589 2930 hye-

357 2973 449 3020 mem
462 2974 533 3020 non
548 2956 691 3019 visurus
706 2963 917 3033 extremam,
934 2955 964 3016 si
979 2971 1050 3016 non
1065 2954 1204 3033 morbo,
1225 2954 1319 3018 fame
1339 2965 1435 3019 certe
1461 2958 1590 3036 peritu—

355 3061 551 3142 rusHujus
560 3064 669 3143 igitur
680 3062 909 3143 praecipuam
920 3077 1043 3123 curam
1054 3060 1122 3140 ipsi
1133 3072 1371 3142 sumpserunt,
1382 3073 1420 3126 ut
1432 3065 1591 3143 quotidie

354 3179 526 3251 quantum
550 3171 638 3233 satis
663 3180 772 3246 esset,
794 3168 824 3230 si
842 3167 946 3230 modo
965 3167 1152 3246 haberent,
1174 3167 1223 3230 illi
1241 3167 1430 3232 deferrent.
1455 3169 1592 3234 Diebus

354 3295 440 3340 vero
455 3277 556 3340 iestis
574 3292 789 3357 quamquam
809 3275 854 3338 ad
873 3273 1099 3354 gymnasium
1116 3290 1342 3354 nequaquam
1362 3273 1586 3348 accederent.

353 3401 419 3464 par
438 3394 516 3448 erat
535 3395 654 3447 tamen
674 3383 742 3446 illis
762 3397 864 3458 cura,
888 3397 933 3443 ne
954 3379 1143 3459 quicquam
1161 3380 1244 3442 huic
1266 3380 1417 3461 deesset,
1440 3382 1586 3447 facturn·

352 3509 419 3572 que
441 3501 495 3554 est
522 3501 559 3555 ut
583 3490 721 3572 hyemis
746 3487 927 3552 molestias
952 3485 1118 3549 evaserit.
1141 3487 1180 3552 In
1201 3485 1256 3550 his
1279 3500 1399 3552 autem
1418 3491 1588 3570 operibus

351 3598 467 3661 adhuc
482 3605 686 3661 constanter
700 3601 946 3676 perseverant.

409 3701 490 3766 Non
508 3702 633 3766 desunt
653 3717 741 3782 quos
761 3700 1014 3781 ingrediendae
1033 3696 1220 3762 Societatis
1241 3700 1457 3765 desiderium
1478 3712 1586 3774 tenet.

350 3811 478 3891 quique
502 3810 537 3873 id
562 3809 796 3890 patefaciant:
819 3823 945 3869 verum
969 3813 1130 3868 nostrum
1150 3815 1204 3869 est
1224 3816 1364 3869 maturo
1384 3807 1421 3870 in
1443 3808 1513 3872 hoc
1535 3812 1586 3872 uti

349 3917 507 3993 consilio,
520 3916 638 3994 itaque
649 3915 718 3977 illis
728 3927 862 3993 negare
874 3921 913 3976 ut
923 3927 1022 3991 spem
1033 3919 1152 3974 tamen
1164 3928 1239 3974 non
1254 3911 1473 3977 auferamus.
1488 3915 1585 3979 Haec

348 4023 392 4086 de
405 4022 628 4085 scholasticis
641 4020 800 4084 sufficere
808 4037 913 4100 posse
925 4017 1090 4080 arbitror.
1104 4015 1195 4080 Nam
1203 4036 1245 4081 ea
1254 4035 1345 4098 quae
1357 4019 1403 4082 ad
1413 4021 1586 4085 lectiones

348 4139 562 4210 caeteraque
577 4127 779 4191 scholarum
794 4125 966 4188 exercitia
986 4133 1165 4203 spectant,
1188 4141 1269 4188 cum
1289 4125 1376 4188 nihil
1396 4127 1583 4193 immutata

349 4235 431 4314 sint,
448 4234 663 4316 superfluum
678 4233 820 4296 omnino
835 4231 939 4294 suerit
955 4229 1067 4293 dehis
1082 4230 1273 4310 quicquam
1288 4232 1419 4297 dicere.

405 4340 655 4404 Confitentium
670 4356 756 4402 vero
775 4353 961 4402 numerum
976 4337 1006 4400 si
1021 4336 1139 4399 dicere
1160 4338 1364 4418 aggrediar,
1388 4357 1521 4405 vereor
1542 4361 1584 4404 ne

346 4447 518 4510 minorem
538 4463 625 4510 vero
647 4444 886 4508 enumerando
906 4444 1047 4507 faciam.
1073 4442 1165 4506 Nam
1190 4452 1264 4506 tota
1288 4445 1581 4526 quadragesima,

344 4551 494 4633 singulis
513 4551 651 4630 diebuS,
674 4567 754 4614 cum
774 4559 921 4630 propter
939 4548 1147 4629 jubilaeum,
1168 4558 1243 4612 tum
1262 4561 1409 4631 propter
1427 4553 1581 4628 Pascha,

343 4669 442 4723 tanta
457 4660 584 4724 horum
599 4658 644 4721 ad
658 4674 725 4719 nos
740 4657 910 4719 confluxit
924 4654 1128 4733 multitud0,
1144 4665 1183 4719 ut
1198 4673 1243 4719 ne
1258 4656 1289 4719 si
1311 4667 1420 4721 noctu
1440 4660 1581 4740 quidem

342 4767 472 4847 diuque
487 4765 611 4828 audire
624 4763 874 4841 voluissemus,
890 4762 978 4826 satis
989 4778 1054 4825 nos
1068 4761 1227 4824 facturos
1241 4762 1351 4827 fuisse
1366 4766 1578 4831 existimem.
