935 1458
230 171 257 184 (affl
421 171 506 186 Liri-nnn
516 174 650 188 annontunsrnzs

231 207 289 222 omnia
297 207 326 226 pia
333 207 417 227 proclivis
425 207 499 227 animus,
508 212 540 223 nee
547 207 594 223 istud
601 208 679 227 ignoras.
690 207 775 227 Magnam
782 207 842 222 utiljtw

232 234 253 249 tis
267 238 316 253 spem
329 233 346 249 in
359 238 453 253 puerorum
466 234 575 250 institutione
589 238 628 249 esse
640 234 716 254 positam
729 234 763 249 hoc
776 238 840 253 quoqut

230 260 275 275 alias
283 260 368 280 scriptum
375 263 407 276 est<
416 260 462 276 Nihil
470 261 524 280 igitur
531 263 617 280 superest,
625 260 671 281 quod
679 260 702 276 ad
709 260 743 276 hoc
752 260 836 280 pertineat

261 286 379 306 Quamobrem
387 287 410 303 ad
417 292 438 303 ea
446 287 506 306 venio,
515 292 559 307 quae
567 290 584 303 te
592 287 668 303 maxime
676 287 737 303 audire
743 287 788 302 velle
797 287 836 302 intel

231 314 274 333 ligo,
288 318 317 333 ea,
332 318 377 334 quae
391 318 414 329 ex
428 314 542 330 concionibus
555 314 645 334 sacrisque
658 314 799 330 confessionibus
812 314 842 329 hoc

228 340 289 360 jejunii
300 343 378 360 tempore
387 343 461 360 sequuta
471 343 512 356 sunt
521 341 619 356 commodat
631 340 716 360 Magister
727 341 781 360 igitur
792 340 841 356 Bene-

231 367 288 383 dictus
296 367 300 374 ¹
308 369 345 382 toto
353 367 498 387 quadragesimae
506 370 592 387 tempore,
603 367 664 383 diebus
674 367 744 387 quidem
752 367 842 383 dominicis

231 398 252 409 ac
260 394 316 413 sestis,
325 394 372 414 quod
380 398 449 414 semper
460 394 513 413 solet,
525 394 640 410 concionatus
650 396 682 410 est.
693 393 779 410 Prosestis
787 396 841 409 nutem

231 421 324 440 evangelia
332 423 348 436 et
356 421 439 441 epistolas
447 421 557 440 singulorum
567 421 634 436 dierum
642 421 724 440 exposuit
731 420 784 441 idque
791 421 841 436 multu

231 447 330 463 auditorum
343 447 449 467 frequentia,
464 448 496 463 etsi
509 450 579 467 praeter
592 448 649 467 ipsum
661 448 738 467 quinque
750 448 780 463 alii
791 448 841 463 eccle-

231 474 296 490 siastae
310 474 327 489 in
340 474 374 489 hue
387 474 429 490 urbe
442 474 595 490 concionarentur.
609 474 688 494 Cumque
699 478 734 490 non
747 474 799 494 pauci
812 474 842 489 hoc

231 501 291 520 modo,
300 501 322 516 ad
330 501 420 516 meliorem
428 501 474 516 vitae
482 501 568 516 rationem
578 501 668 520 conversi,
676 505 687 516 a
695 501 724 516 via
732 503 841 521 peccatorum

230 528 342 546 diverterint,
356 530 414 543 tamen
425 532 470 543 unus
480 528 574 547 praecipue
587 528 673 547 singulari
684 528 760 548 quodam
770 527 842 548 Spiritus

230 554 291 570 Sancti
299 554 351 570 ductu
362 554 384 570 ad
392 554 517 574 poenitentiam
527 554 584 574 rediit,
595 554 622 570 vir
632 554 695 570 nobilis
703 559 724 570 ac
732 557 795 574 potens
802 557 818 570 et
826 555 840 570 in

231 581 265 596 hac
274 581 347 596 civitate
358 581 418 600 magni
429 581 504 596 habitus.
517 581 571 600 Huic,
583 585 630 600 curn,
643 583 715 601 propter
723 581 802 597 occisum
811 581 841 596 frzr

231 610 283 627 trem,
293 612 349 627 grave
360 607 419 623 odium
428 607 464 627 jam
475 610 542 627 septem
552 608 616 623 abhinc
625 608 677 623 annis
689 612 729 623 cum
740 608 796 623 altero
806 608 841 623 virs·

231 634 290 654 gravi,
299 634 336 654 qui,
345 636 362 649 et
369 634 406 654 ipse
412 634 471 649 clarus
476 638 550 653 genere,
560 634 622 654 opibus
629 635 702 650 multum
708 637 784 654 poterat,
793 634 840 650 interv

231 661 322 680 cessisset,
337 661 431 681 aliquando
445 661 490 676 inter
507 661 554 680 ipsos
571 661 691 681 depugnatum
708 661 765 677 suerat
780 665 841 681 magno

232 688 285 703 totius
293 687 329 703 sere
337 687 414 703 civitatis
421 688 505 706 tumultu,
516 690 534 703 ut
545 688 609 703 bonam
617 688 701 703 nobilium
709 690 778 707 partem
786 692 842 703 secum

231 714 320 730 traherent
328 714 361 730 hae
369 714 414 730 duae
421 714 514 733 sactiones,
523 719 555 730 nec
563 718 598 730 una
606 717 674 730 tantum
682 714 748 730 familia
754 714 785 730 sed
793 715 842 734 pluriv

231 745 271 757 mae
278 741 339 757 eodem
347 741 388 756 odio
395 741 456 757 endem
466 746 488 756 cx
498 745 552 756 causa
563 741 651 757 arderent.
661 741 711 756 Multi
722 741 809 761 supplicio
816 741 841 756 ad·

231 767 274 783 dicti
283 767 320 787 jam
331 772 397 787 poenas
408 767 498 783 dederant>
512 767 561 783 Multi
571 770 663 787 praeterea
674 772 697 783 ex
707 768 742 783 hac
753 772 815 787 causa,
827 768 842 783 in

231 794 302 810 exilium
309 794 391 813 relegati,
401 794 457 814 patria
465 798 527 810 carere
534 794 648 813 cogebantur.
657 794 679 810 Et
686 794 733 814 quod
741 796 780 810 erat
786 794 842 810 rniserv

231 821 302 840 timum,
313 821 340 836 vir
350 821 378 836 ille
390 825 455 840 magno
465 825 520 840 prope
531 821 584 836 totius
595 821 672 836 civitatis
683 825 765 836 moerore
771 820 808 840 jam
815 821 842 836 diu

231 848 249 863 in
259 852 331 863 carcere
340 852 405 866 nexuS,
417 851 469 867 saepe
478 847 515 867 jam
526 849 590 867 tortus,
602 852 637 863 non
647 847 696 867 prius
708 852 795 863 evasurus
806 848 842 863 inde

231 874 343 894 credebatur,
355 878 408 894 quam
417 874 439 889 de
449 878 470 889 eo
481 876 578 890 extremum
589 877 687 890 sumeretur
697 874 809 894 supplicium,
820 874 842 890 Inv

230 901 288 917 stabat
296 901 342 916 enirn
352 901 379 916 hic
392 901 429 920 ejus
439 901 553 916 adversarius
560 900 606 920 apud
614 900 717 920 Pro-regem
724 901 842 919 vehementer,

230 930 248 943 et
255 928 302 943 nulla
310 928 386 946 ratione,
395 927 446 943 nullis
454 927 546 947 lacrymis,
554 927 607 943 nullis
619 927 672 943 etiam
682 927 781 947 principum
791 928 842 948 preci-

231 955 263 970 hus
274 954 321 970 flecti
332 957 401 974 poterat
413 956 431 969 ut
441 954 470 969 vel
481 954 571 969 remissius
584 954 678 974 quicquam
690 958 731 969 curn
743 959 765 969 eo
778 958 842 974 agerer,

231 981 282 997 Hunc
292 981 316 996 ita
328 981 404 996 ferocem
416 981 475 996 animo
488 981 543 996 movit
553 980 610 1000 Deus,
621 985 666 996 unus
679 981 743 996 author
753 983 843 1001 motorque

230 1007 318 1027 cordium,
331 1007 378 1023 circa
391 1007 459 1023 initium
469 1007 616 1027 quadragesimae
627 1010 645 1023 ut
657 1007 717 1022 lubens
728 1007 843 1027 frequensque

231 1034 254 1050 ad
266 1034 349 1054 templum
361 1036 441 1049 nostrum
453 1033 553 1053 accederet,
567 1033 624 1053 ibique
639 1038 690 1049 sacra
703 1034 791 1050 interdum
804 1034 842 1052 duo,

231 1065 300 1081 semper
311 1063 370 1076 autem
380 1061 483 1076 concionem
493 1061 521 1076 vel
531 1060 632 1079 lectionem,
643 1063 683 1076 utra
695 1065 726 1080 pru
739 1060 808 1076 dierum
818 1065 842 1076 ra-

231 1088 278 1103 tione
289 1088 390 1106 haberetur,
405 1087 531 1103 attentissimus
546 1087 623 1107 audiret,
637 1087 720 1107 lacrymis
734 1087 802 1103 interea
814 1092 843 1107 per

231 1114 268 1134 ejus
280 1118 336 1133 genas
349 1114 421 1134 copiose
433 1114 572 1133 decurrentibus,
586 1118 620 1134 quo
633 1116 650 1129 et
663 1114 700 1133 ipse
713 1118 842 1134 nonnumquam

231 1141 315 1156 obvelare
322 1141 374 1160 pallio
383 1143 435 1160 caput
445 1140 550 1160 cogebatur,
559 1142 578 1156 ut
584 1140 620 1160 jam
630 1140 742 1156 admirationi
752 1143 799 1156 esset
809 1140 841 1156 suis

231 1167 306 1186 civibus,
312 1167 362 1183 nobis
368 1171 411 1183 vero
419 1167 472 1183 etiam
479 1171 528 1187 spem
534 1166 605 1186 majoris
613 1167 680 1182 fructus
686 1167 763 1186 afferret,
770 1172 804 1187 qun
812 1171 841 1182 nec

251 1227 255 1235 ι
271 1227 347 1238 sensnm„
354 1227 413 1238 puni-nu„
