3390 5536
376 539 433 596 505
766 536 937 596 errsrraa
955 551 1227 604 ouannrunsrnns

380 683 542 746 absoluta
555 682 669 764 prima
685 680 921 760 hebdomada,
939 683 1130 746 insalutato
1145 682 1306 764 hospite,
1324 683 1392 752 hoc
1407 691 1478 761 est,
1495 683 1589 760 nobis,

379 789 552 854 discessit.
577 790 683 852 Dolet
708 798 827 852 tamen
851 798 885 852 et
907 789 1025 869 pergit
1048 790 1152 852 nobis
1171 790 1334 855 confiteri
1354 799 1389 854 et
1408 789 1592 871 frequenter

377 896 643 961 communicare
657 912 738 959 cum
751 895 863 960 tribus
878 896 958 960 aliis
971 895 1199 978 grandaevis,
1216 897 1399 978 Hispanis,
1415 899 1478 979 qui
1494 907 1530 960 et
1542 897 1590 977 ipsi

377 1003 581 1069 desiderant
596 1021 633 1066 se
648 1003 750 1068 nobis
764 1002 968 1085 adjungere.

439 1111 479 1176 In
493 1111 775 1191 praesentiarum
789 1111 959 1176 habemus
969 1110 1139 1192 juvenem
1160 1112 1367 1193 quemdam,
1387 1111 1495 1176 valde
1517 1130 1590 1176 ama·

380 1218 485 1282 bilem
499 1218 536 1281 in
550 1217 714 1296 Domino,
731 1217 768 1281 in
782 1219 976 1298 exercitiis,
998 1219 1060 1299 qui
1080 1219 1158 1283 heri
1179 1219 1333 1282 absolvit
1351 1217 1506 1299 primam
1526 1219 1590 1281 heb·

379 1323 570 1388 domadam
584 1333 619 1388 et
634 1324 790 1388 animum
804 1325 910 1388 habet
924 1324 970 1389 ad
984 1323 1209 1390 Societatem.
1226 1324 1291 1389 Est
1307 1335 1341 1388 et
1357 1325 1448 1406 alius
1463 1326 1591 1406 quidam

375 1431 518 1512 juvenis
531 1431 764 1496 novendecim
779 1449 953 1496 annorum
967 1440 1029 1496 aut
1042 1432 1195 1509 circiter,
1212 1434 1273 1513 qui
1287 1433 1366 1497 heri
1380 1433 1494 1496 adfuit
1508 1433 1590 1496 nobis

379 1547 414 1602 et
429 1539 571 1614 omnino
587 1538 632 1602 ad
647 1539 765 1603 omnia
779 1549 927 1621 paratus
941 1555 979 1602 se
993 1539 1096 1603 nobis
1111 1539 1208 1619 cupit
1223 1536 1433 1619 adjungere;
1454 1540 1520 1603 sed
1537 1557 1590 1602 non

378 1655 495 1725 potest
514 1646 616 1710 nobis
637 1664 704 1710 nec
723 1645 884 1709 habitare
902 1645 1003 1724 (sic),
1018 1663 1085 1710 nec
1105 1646 1330 1722 conversari,
1351 1664 1417 1710 nec
1437 1646 1589 1710 exercitia
1656 1708 1661 1725 ,

376 1753 573 1833 suscipere,
600 1754 683 1833 quia
701 1751 796 1816 dicto
814 1751 964 1832 Regenti
983 1753 1165 1818 cohabitat
1184 1764 1219 1816 et
1239 1753 1327 1816 satis
1346 1752 1493 1833 conjicit
1515 1751 1590 1833 quod

377 1867 545 1939 parentes
558 1877 630 1922 non
644 1859 905 1939 permitterent,
921 1859 984 1922 sed
998 1857 1162 1922 fortassis
1177 1859 1303 1923 turbae
1329 1859 1469 1940 aliquae
1493 1859 1589 1924 denuo
1659 1834 1661 1890 ³*

376 1966 631 2030 excitarentur.
648 1965 755 2030 Volui
777 1983 863 2045 ergo
883 1967 983 2047 prius
1003 1966 1200 2046 intelligere
1219 1966 1305 2048 quid
1324 1965 1362 2030 P.
1387 1966 1433 2031 V.
1456 1967 1500 2030 de
1519 1967 1591 2028 actis
1660 2029 1661 2032 ,

378 2073 463 2151 illie,
480 2090 561 2136 curn
575 2073 698 2136 ultimo
711 2082 814 2152 posta
829 2089 850 2136 a
870 2074 1183 2153 me'transcriptis,
1200 2074 1345 2152 sentiat,
1367 2084 1402 2136 et
1416 2073 1502 2155 quid
1515 2081 1590 2153 post-

378 2180 447 2242 hac
472 2180 507 2242 in
533 2179 703 2243 similibus
723 2187 759 2242 et
779 2179 815 2242 in
835 2179 902 2243 hoc
922 2197 1063 2259 quoque
1089 2197 1175 2243 casu
1197 2197 1306 2260 agere
1331 2179 1491 2244 debeam.
1515 2179 1588 2256 Ego,

379 2284 447 2349 Dei
470 2287 605 2364 gratia,
631 2285 731 2348 nihili
749 2285 842 2349 facio
861 2287 1009 2365 quaevis
1028 2283 1198 2366 adversa;
1220 2284 1282 2349 sed
1303 2287 1340 2350 in
1354 2287 1423 2349 hoc
1437 2285 1591 2349 sollicitus

379 2409 458 2456 sum
477 2410 549 2456 non
568 2410 694 2473 parurn
714 2403 751 2457 ut
775 2391 966 2474 prudenter
992 2402 1025 2456 et
1046 2393 1177 2457 minori
1201 2411 1282 2457 cum
1301 2393 1470 2456 scandalo
1491 2391 1591 2458 omnia

379 2499 523 2578 fierent;
546 2499 592 2562 ad
611 2499 705 2580 quod
725 2515 792 2578 ego
811 2499 907 2563 nulio
926 2500 1031 2586 modo
1050 2499 1202 2580 sufficio;
1227 2498 1382 2563 confisus
1402 2509 1519 2564 tamen
1536 2498 1591 2561 Do

266 2625 267 2628 ¹
379 2605 476 2669 mino
491 2616 525 2669 et
540 2606 759 2670 orationibus
773 2605 811 2668 P.
827 2605 873 2670 V.
891 2606 978 2670 satis
992 2606 1081 2669 bene
1095 2622 1174 2670 sum
1189 2615 1387 2670 contentus.

440 2711 505 2776 His
520 2715 638 2776 valeat
652 2713 689 2776 in
707 2711 860 2777 Domino
880 2713 965 2796 Jesu
983 2712 1021 2776 Ρ.
1042 2711 1089 2776 V.
1110 2723 1144 2776 et
1164 2731 1230 2776 nos
1250 2713 1323 2777 suis
1343 2723 1450 2793 atque
1464 2711 1590 2776 Patron
1672 2693 1673 2702 ἵ

377 2837 423 2883 ac
437 2820 602 2884 Fratrum
617 2821 835 2884 orationibus
850 2819 1117 2884 commendatos
1131 2821 1263 2884 habere
1280 2821 1458 2899 dignetur.

439 2927 591 3008 Raptim.
608 2926 769 3004 Lovanii,
785 2926 815 2988 8.
831 2926 1004 3008 Januarii,
1018 2943 1112 2990 anno
1128 2925 1272 2991 Domini
1290 2925 1379 2990 1552.

438 3034 479 3098 R.
499 3035 543 3098 V.
561 3051 686 3096 servus
702 3034 738 3097 in
752 3031 917 3112 Domino,

1082 3249 1267 3314 Annianus
1287 3247 1459 3328 Anniani,

1174 3384 1208 3426 ab
1222 3381 1377 3436 Antucrpia.

438 3731 607 3812 Indignus
622 3732 791 3796 sacerdos
805 3730 994 3796 Societatis
1008 3734 1103 3815 Jesu.

441 3999 717 4080 Superscriptrb.
739 3947 824 4064 HiS.
838 4001 919 4082 ‚R.‘¹⁰
934 4003 971 4067 in
985 4001 1048 4065 X.⁰
1067 4001 1177 4077 Patri,
1194 4001 1307 4082 Mgro.
1324 4001 1463 4081 Ignatio
1482 3999 1526 4061 de
1540 3998 1598 4060 Lo-

380 4108 478 4185 yola,
504 4106 711 4188 Praeposito
736 4106 923 4173 Societatis
941 4108 1043 4191 Jesu,
1071 4109 1165 4189 apud
1189 4107 1360 4172 Sanctum
1386 4107 1545 4171 Marcum
1567 4103 1599 4165 in

378 4211 511 4276 Sancta
525 4213 640 4277 Maria
654 4214 696 4277 de
711 4213 856 4294 Strada,
872 4215 1000 4279 Roma.

440 4318 593 4382 Franco.

441 4424 525 4488 Alia
540 4442 668 4488 manu:
685 4426 772 4489 1552.
790 4427 843 4490 De
858 4428 1047 4508 Lobayna,
1065 4426 1262 4506 AdrianuS,
1279 4427 1299 4489 8
1313 4427 1493 4510 Januario.

422 4583 470 4627 Ubi
482 4595 547 4628 nunc
558 4585 636 4628 habet
647 4583 786 4642 Lobayna,
797 4587 867 4641 prius
877 4595 935 4632 erat
946 4587 1060 4642 Neapoli,¹
1071 4587 1114 4631 sed
1126 4588 1194 4632 linea
1205 4598 1283 4641 snper
1294 4587 1372 4630 dueta
1382 4587 1492 4630 deletum
1504 4594 1553 4627 est.
