3400 5532
398 519 453 580 362
782 519 1246 589 errsana'ouaoarunsrans

400 663 501 744 hujus
524 667 683 746 corporis
704 683 849 730 carcere
872 685 916 730 ac
939 667 1114 730 domicilio
1141 667 1298 732 inclusus
1323 668 1388 746 est)
1414 671 1584 734 mortales
1608 693 1624 732 a

400 773 550 836 caeteris
565 773 803 837 animantibus
818 773 1036 855 discrepant3
1053 791 1134 838 cum
1156 783 1274 839 autem
1295 777 1345 840 illi
1364 775 1537 856 majorem
1556 797 1624 840 cor-

399 880 496 960 poris
511 896 617 960 quam
632 880 772 944 animae
791 898 914 944 curam
933 881 1102 959 babeant,
1126 883 1336 964 animaeque
1357 901 1448 963 quae
1468 887 1626 962 corporis

399 995 481 1048 sunt
496 997 728 1067 anteponant,
746 997 841 1051 certe
857 1005 982 1068 parum
997 997 1058 1050 aut
1071 988 1159 1052 nihil
1174 1007 1195 1051 a
1209 989 1332 1052 bestiis
1346 989 1547 1070 hujusmodi
1569 993 1624 1053 ho-

401 1092 512 1156 mines
538 1093 678 1156 differre
702 1094 879 1158 videntur.
906 1093 1008 1158 Unde
1033 1113 1139 1175 quam
1163 1096 1270 1175 pauci
1294 1106 1375 1159 sunt
1399 1098 1474 1178 qui,
1502 1101 1626 1177 spretis

399 1199 522 1262 mundi
535 1200 766 1276 vanitatibus,
782 1201 988 1282 postpositis
1002 1202 1135 1264 divitiis
1149 1220 1193 1265 ac
1207 1202 1412 1282 honoribus,
1424 1204 1559 1268 relictis
1574 1205 1626 1266 dr·

399 1307 504 1385 nique
519 1306 575 1369 his
590 1306 769 1383 omnibus,
786 1326 877 1388 quae
892 1308 996 1371 citius
1011 1325 1074 1388 spe
1095 1317 1295 1388 transeunt,
1312 1308 1456 1373 Christo
1480 1313 1624 1381 servire,

400 1414 553 1493 obedire,
563 1431 670 1494 seque
683 1415 733 1478 illi
743 1422 836 1479 totos
848 1414 1012 1479 dedicare
1023 1414 1174 1480 student.
1188 1417 1319 1480 Eorum
1331 1433 1417 1479 vero
1429 1418 1625 1497 qui,mundi

399 1521 551 1584 avaritia
567 1523 749 1602 occupati,
767 1522 884 1585 cordis
899 1523 1065 1603 superbia
1079 1523 1179 1602 elati,
1196 1523 1384 1603 carnisque
1403 1525 1566 1588 luxuriae
1582 1527 1625 1586 in-

399 1629 497 1706 tenti,
511 1629 650 1692 diabolo
665 1630 891 1709 famulantur,
905 1647 1074 1708 magnum
1089 1647 1167 1693 esse
1182 1648 1378 1706 numerum,
1395 1633 1562 1713 cuiquam
1578 1645 1624 1694 est

400 1735 536 1798 videre:
558 1754 627 1816 quo
650 1736 833 1800 hominum
847 1753 978 1816 genere
993 1737 1076 1817 quid
1091 1738 1274 1800 miserius?
1289 1737 1372 1818 quid
1387 1739 1568 1801 infelicius
1579 1758 1624 1801 rr·-

400 1843 506 1922 periri
521 1845 656 1924 potest?
671 1844 849 1925 Numquid
863 1845 899 1907 hi
919 1845 1030 1907 tribus
1050 1845 1256 1908 miserrimis
1276 1845 1409 1908 similes
1429 1856 1528 1924 sunt,
1549 1864 1626 1925 quo-

399 1968 477 2013 rum
491 1968 583 2014 unus
602 1960 642 2014 ut
662 1952 773 2014 boves
792 1952 978 2031 probaret,
1001 1954 1089 2014 alter
1106 1961 1143 2014 ut
1162 1951 1285 2014 villam
1305 1961 1460 2032 emptam
1479 1954 1624 2020 videret.

398 2057 522 2120 tertius
545 2066 582 2120 ut
611 2075 759 2121 uxorem
783 2058 942 2135 duceret,
969 2059 1015 2121 ad
1040 2075 1189 2124 coenam
1216 2058 1483 2139 patrisfamilias
1506 2061 1625 2121 venire

399 2165 629 2228 recusarunt?
650 2164 742 2243 Quid
765 2165 871 2228 bourn
895 2165 1059 2244 probatio
1084 2175 1137 2228 est
1161 2165 1230 2228 nisi
1255 2166 1370 2228 cultus
1392 2167 1625 2228 terrenorum?

399 2269 482 2351 quid
497 2272 603 2334 villae
618 2281 755 2351 emptae
770 2271 861 2334 visio
875 2271 943 2334 nisi
961 2271 1153 2334 damnandi
1168 2272 1364 2351 appetitus?
1378 2272 1463 2352 quid
1483 2289 1625 2334 uxorem

399 2376 529 2440 ducere
550 2378 619 2440 nisi
644 2380 763 2442 carnis
789 2379 973 2442 desideriis
1000 2378 1227 2442 satisfacere?
1253 2378 1442 2442 Caeterum
1467 2381 1627 2459 quemad-

399 2486 542 2548 modum
560 2486 725 2565 princeps
744 2487 969 2548 tenebrarum
988 2487 1117 2548 multos
1141 2485 1248 2548 habet
1267 2486 1451 2564 satellites,
1474 2503 1625 2565 suaeque

400 2592 556 2655 malitiae
571 2610 754 2673 sequaceS,
772 2594 820 2656 ita
836 2609 975 2674 quoque
989 2593 1159 2672 plurimos
1179 2610 1257 2655 esse
1276 2610 1346 2655 non
1369 2593 1531 2672 negarim
1559 2595 1625 2672 qui.

400 2699 524 2763 relicta
538 2699 698 2762 'avaritia
723 2718 791 2781 qua
811 2700 916 2764 homo
938 2700 1162 2780 solicitudine
1181 2709 1350 2778 vagatur,
1371 2700 1538 2779 superbia
1561 2718 1625 2779 qua

399 2806 454 2868 sui
480 2806 590 2886 ipsius
614 2807 876 2870 existimatione
901 2809 1072 2885 elevatur,
1096 2816 1131 2870 et
1149 2806 1290 2869 luxuria
1304 2823 1373 2885 qua
1389 2807 1627 2870 immunditiae

398 2914 631 2978 delectatione
646 2914 820 2994 foedatur,
837 2915 933 2977 viam
949 2924 1087 2977 arctam
1100 2924 1205 2994 atque
1225 2923 1416 2992 angustam
1437 2914 1556 2994 (quae,
1579 2925 1627 2976 te-

399 3028 515 3083 stante
530 3019 685 3099 Christ0,
703 3021 747 3084 ad
763 3021 874 3083 vitam
889 3021 996 3100 ducit)
1017 3021 1167 3100 eligunt,
1187 3019 1401 3101 proprioque
1417 3021 1537 3084 sensui
1552 3021 1626 3081 obe-

398 3127 578 3205 dientiam,
592 3128 779 3208 superbiae
794 3128 1038 3208 humilitatem,
1052 3136 1367 3208 paupertatemque
1382 3126 1518 3190 divitiis
1532 3144 1625 3206 prae-

398 3245 584 3315 ponentes,
602 3243 783 3314 assumpta
804 3251 909 3298 cruce
932 3233 1111 3297 Christum
1126 3243 1331 3314 sequuntur.
1349 3233 1397 3296 At
1414 3231 1497 3296 felix
1512 3234 1626 3295 anima

399 3357 490 3422 quae
505 3342 557 3404 sic
571 3342 738 3423 relinquit
751 3342 885 3419 omnia,
901 3351 940 3404 ut
962 3359 1042 3404 eum
1061 3349 1230 3422 sequatur
1250 3341 1286 3402 in
1306 3356 1373 3419 quo
1393 3350 1476 3402 sunt
1497 3341 1623 3408 omnim

399 3450 461 3513 ubi
480 3451 574 3512 enim
593 3466 680 3512 vera
701 3449 816 3529 quieS,
838 3449 897 3511 uhi
912 3466 998 3528 parr,
1016 3448 1076 3511 ubi
1098 3448 1249 3511 felicitas
1268 3465 1426 3527 veraque
1447 3447 1555 3510 animi
1573 3448 1625 3508 de·

400 3557 553 3631 lectatio,
570 3556 638 3619 nisi
652 3557 689 3618 in
702 3555 845 3620 Christo
860 3555 1054 3636 reperitur?
1074 3555 1157 3636 quid
1173 3553 1339 3632 amabile,
1355 3554 1440 3635 quid
1463 3554 1625 3634 optabile.

400 3663 483 3742 quid
491 3661 694 3742 jucundum,
708 3673 849 3743 praeter
862 3661 1052 3740 Christum,
1066 3661 1261 3725 desiderari
1270 3662 1406 3742 potest?
1419 3661 1505 3740 quid
1516 3661 1627 3722 omnis

399 3777 564 3832 creatura
576 3769 652 3831 sine
664 3767 832 3832 Creatore
844 3768 1012 3848 prodesse
1024 3777 1151 3848 potest,
1165 3785 1247 3831 cum
1257 3767 1374 3829 omnis
1385 3783 1469 3829 caro
1477 3767 1626 3846 foenum

399 3881 432 3937 et
447 3873 565 3937 omm‘s
578 3874 703 3954 gloria
718 3873 798 3954 ejus
812 3880 853 3937 ut
859 3875 937 3954 flos
944 3875 1053 3952 soem'
1064 3875 1190 3937 cadet?
1206 3873 1274 3952 Qui
1289 3874 1398 3952 igitur
1409 3873 1549 3938 Christo
1561 3875 1626 3952 pri-

401 3991 506 4045 vatus
520 3992 588 4061 est,
612 3983 876 4062 pauperrimus;
892 3982 951 4062 qui
966 3999 1069 4059 ver0,
1087 3981 1229 4046 Christo
1248 3979 1474 4060 conjunctuS,
1497 3979 1544 4043 illi
1564 3981 1625 4041 soli

401 4089 505 4166 vivit,
523 4089 716 4152 ditissimus
731 4089 927 4152 censendus
948 4098 1012 4152 est.
1036 4088 1105 4153 Sed
1123 4088 1248 4151 dicetis
1268 4089 1436 4165 fortasse,
1460 4105 1625 4167 quorsum

400 4197 443 4258 de
455 4196 511 4258 his
526 4205 599 4258 tam
614 4196 738 4258 multa?
753 4195 896 4274 Dicam,
912 4195 1058 4274 fratres,
1076 4204 1112 4268 et
1126 4203 1164 4258 ut
1177 4203 1301 4275 potero
1315 4194 1483 4257 breviter.

459 4301 558 4364 Haec
573 4319 664 4382 quae
679 4301 851 4364 hactenus
862 4301 956 4365 dicta
972 4313 1053 4365 sunt
1066 4319 1146 4365 cum
1157 4300 1324 4381 juvenem
1336 4302 1524 4380 quemdam
1535 4299 1625 4378 apud

400 4426 467 4472 nos
487 4410 686 4472 litterarum
706 4409 831 4472 studiis
856 4409 1080 4472 insudantem
1105 4407 1287 4472 minimum
1312 4410 1479 4488 laterent,
1499 4408 1627 4485 vixque

401 4515 475 4579 lieri
490 4531 595 4594 posse
609 4515 783 4594 cogitaret
801 4523 839 4577 ut
854 4517 985 4579 mundo
999 4517 1103 4578 simul
1123 4525 1157 4578 et
1181 4514 1322 4579 Christo
1341 4515 1491 4578 serviret
1508 4511 1528 4583 ¹,
1552 4513 1627 4574 reli-

443 4757 450 4788 ¹
479 4755 550 4807 Quae
563 4755 702 4810 hucusque,
714 4757 786 4808 quast
798 4756 955 4800 narrationis
965 4767 1027 4799 suae
1038 4758 1214 4810 praeambula,
1226 4755 1330 4810 scripsit
1341 4755 1499 4806 Alexander,
1510 4755 1590 4804 linea,
1603 4761 1627 4794 ut
