3442 5538
393 448 430 508 70
784 447 1237 518 Lmomoooonmnsms

391 611 451 663 res
466 595 634 674 Domino,
650 596 715 677 qui
725 597 987 678 magmficatus
1001 604 1072 676 est,
1086 607 1153 662 etc.
1170 595 1241 660 Por
1255 596 1446 662 derradero
1461 598 1620 662 mandoo

393 720 414 766 o
430 701 544 771 Padre
558 703 645 768 Luis
660 705 812 784 Cocalez
827 722 894 784 que
908 723 947 768 se
957 704 1088 768 sossem
1102 705 1185 783 logo
1200 721 1221 766 a
1237 704 1424 784 aparelhar
1434 721 1524 784 para
1539 722 1615 784 par-

391 808 448 888 tir,
466 827 510 873 ao
526 810 640 874 Padre
654 811 762 895 Jorge
777 811 867 890 Vaz,
894 820 929 876 et
954 829 998 874 ao
1022 809 1137 876 Padre
1159 811 1310 892 Xpovao
1335 811 1377 875 de
1401 809 1561 886 Rioeiro‚
1584 822 1615 874 et

393 916 539 1000 Jacome
559 917 650 990 Diaz
671 918 709 997 (o
730 920 812 1000 qual
831 917 961 982 fizerao
983 919 1168 983 sacerdote
1190 925 1208 982 ἐ
1231 917 1382 996 Lixboa)
1403 927 1437 981 et
1457 915 1614 982 Soveral.

392 1023 549 1102 Mondou
562 1026 643 1089 tabe
654 1033 696 1090 co
708 1027 793 1092 elles
805 1043 826 1090 a
838 1025 893 1090 Do
904 1025 1003 1104 Liao;
1016 1025 1107 1090 mais
1118 1043 1139 1088 o
1151 1023 1264 1090 Padre
1281 1021 1289 1055 ¹
1305 1025 1468 1088 tornoulo
1484 1041 1506 1088 a
1521 1041 1619 1092 man·

394 1131 460 1194 dar
475 1149 519 1196 ao
534 1131 692 1214 Collegio
708 1151 729 1196 a
744 1133 877 1198 acabar
891 1149 973 1196 seus
987 1133 1142 1198 estud0S.

453 1239 485 1304 N
487 1257 528 1304 as
542 1241 648 1304 obras
663 1240 708 1304 do
723 1241 881 1321 Collegio
897 1245 954 1306 ato
969 1258 1082 1320 agora
1096 1241 1342 1320 trabalharao;
1366 1242 1427 1305 vai
1447 1239 1618 1304 edificado

393 1347 497 1410 sobre
513 1363 597 1414 cruz
612 1365 679 1429 que
699 1348 744 1412 he
766 1365 868 1412 assaz
884 1349 928 1412 bo
943 1349 1043 1412 sinal.
1064 1348 1119 1414 De
1138 1349 1210 1414 hua
1230 1357 1331 1428 parte
1350 1365 1390 1410 os
1410 1347 1455 1410 da
1469 1347 1617 1413 cibdade

391 1462 597 1520 murmurao
612 1473 679 1536 que
693 1456 768 1522 lhes
784 1466 958 1521 tomamos
974 1473 1015 1520 os
1029 1473 1150 1520 muros
1164 1465 1199 1519 et
1214 1473 1254 1518 os
1270 1454 1463 1532 camInhos,
1480 1454 1572 1518 mais
1586 1454 1617 1516 ia

392 1579 506 1642 agora
530 1569 629 1626 estao
654 1563 871 1644 apazigados
896 1572 931 1626 et
954 1579 1081 1626 nossos
1104 1561 1255 1642 amigos.
1281 1561 1433 1626 D'outra
1458 1569 1561 1644 parte
1580 1579 1625 1622 os.

392 1671 521 1734 nobres
536 1670 582 1733 do
596 1669 708 1736 Reino
724 1672 902 1736 cotradize
917 1678 1024 1752 quoto
1047 1671 1139 1752 podo
1158 1689 1179 1734 a
1198 1687 1237 1734 se
1257 1670 1365 1750 fazer,
1386 1668 1536 1734 dizendo
1552 1687 1619 1750 que

391 1779 424 1840 el
438 1775 503 1840 Rei
518 1795 586 1858 que
602 1778 686 1843 tudo
700 1789 805 1856 gasto
820 1785 861 1842 co
876 1777 996 1842 frades
1010 1785 1045 1842 et
1060 1795 1126 1859 que
1142 1776 1247 1841 deixa
1261 1776 1305 1840 de
1319 1793 1449 1857 prover
1465 1793 1507 1838 os
1521 1777 1617 1855 luga-

391 1900 449 1954 res
464 1883 511 1948 da
525 1883 611 1964 lem,
628 1902 694 1966 que
709 1884 811 1950 sorao
826 1885 1012 1965 ganhados
1034 1892 1075 1948 co
1098 1903 1119 1948 0
1138 1901 1273 1964 sangue
1294 1884 1337 1950 de
1356 1901 1437 1948 seus
1458 1891 1615 1963 antepas-

391 1991 509 2055 sados.
531 1991 683 2056 D'outra
706 2003 808 2083 parte
832 1993 914 2056 tabo
934 1992 1071 2072 fradeS,
1094 1993 1184 2056 hssas
1203 2009 1309 2056 vezes
1331 2009 1386 2056 em
1410 1991 1566 2072 pulpitos
1586 2003 1617 2053 et

393 2106 516 2164 outras
526 2099 622 2179 polla
634 2099 694 2163 via
706 2116 773 2181 que
784 2100 886 2180 podo,
900 2117 965 2163 nos
977 2099 1163 2164 cotrariao.
1181 2098 1231 2162 Os
1246 2099 1323 2163 dias
1333 2098 1506 2179 passados
1521 2115 1562 2162 os
1577 2099 1620 2160 de

390 2204 644 2270 sanctacruz
673 2223 740 2270 nos
766 2199 938 2272 modaroo
971 2205 1185 2286 embarguar
1213 2223 1253 2269 as
1282 2206 1388 2269 obras
1417 2212 1460 2268 eo
1488 2205 1618 2284 grades

390 2330 516 2393 penaS,
533 2312 710 2393 alegando
724 2331 792 2393 que
807 2313 883 2376 lhes
893 2313 1049 2378 sazemos
1064 2320 1105 2377 co
1121 2315 1207 2378 ellas
1222 2313 1399 2394 sogeioao.
1416 2311 1496 2374 Mas
1511 2329 1533 2374 a
1548 2311 1616 2374 infi-

393 2420 469 2484 nita
484 2418 645 2484 bondade
660 2421 704 2484 de
718 2419 815 2484 Deos
829 2419 873 2487 he
888 2422 998 2484 muito
1020 2421 1063 2485 de
1082 2420 1240 2484 admiror
1257 2428 1293 2482 et
1311 2419 1449 2498 louvar,
1471 2437 1540 2500 que
1555 2437 1619 2500 por

391 2527 463 2595 huo
478 2537 580 2608 parte
594 2545 660 2590 nos
676 2526 722 2590 da
737 2528 957 2606 cotradicoes
975 2545 1063 2610 para
1082 2545 1149 2592 nos
1168 2528 1412 2592 humiliarmos
1431 2533 1466 2590 et
1486 2527 1615 2590 exerci-

392 2642 527 2705 tarmos
546 2652 603 2698 em
621 2635 706 2698 toda
721 2634 876 2714 virtude,
900 2635 945 2699 da
964 2645 1067 2700 outra
1088 2643 1237 2699 coserva
1258 2653 1280 2698 a
1299 2634 1447 2714 cahem,
1470 2633 1620 2698 sazendo

393 2740 483 2804 cada
498 2759 563 2804 vez
575 2759 596 2804 a
610 2743 643 2805 el
657 2741 722 2805 Rei
736 2759 876 2806 crescet
891 2743 980 2806 mais
996 2749 1015 2806 ἐ
1031 2742 1149 2823 opinio
1164 2753 1198 2806 et
1213 2759 1312 2806 amor
1327 2741 1373 2805 da
1385 2739 1618 2822 Companhio,

391 2848 584 2920 tomandoo
597 2865 663 2928 por
677 2849 910 2912 instrumento
924 2865 1013 2930 para
1032 2865 1072 2912 as
1092 2866 1221 2914 cousas
1242 2848 1285 2912 de
1308 2865 1372 2912 sua
1394 2847 1510 2928 gloria
1534 2847 1619 2910 irem

392 2955 484 3020 cada
503 2971 570 3018 vez
585 2956 676 3020 mais
690 2961 807 3034 ovate,
824 2955 1016 3020 ordinadas
1029 2955 1175 3021 todavia
1190 2963 1232 3020 co
1247 2973 1269 3018 a
1284 2955 1489 3020 dulcissima
1504 2954 1617 3018 divisa

393 3062 436 3126 de
451 3063 533 3146 Jhu.
548 3062 661 3143 Xpo.,
679 3080 746 3143 que
761 3063 805 3126 he
820 3081 842 3126 a
856 3063 1026 3128 bandeira
1041 3064 1087 3127 da
1101 3062 1333 3127 sanctissima
1347 3062 1440 3126 Cruz
1454 3069 1489 3125 et
1505 3077 1619 3141 perse·

391 3178 530 3249 cucoeS.

454 3277 658 3358 OCollegio
673 3277 851 3358 spiritual,
873 3284 892 3341 ἐ
911 3294 979 3358 que
998 3294 1066 3342 nos
1084 3294 1149 3342 ora
1169 3279 1230 3342 vai
1249 3276 1339 3340 mais
1359 3293 1426 3356 que
1445 3293 1493 3340 no
1512 3287 1623 3339 mate·

391 3383 470 3465 rial,
484 3384 639 3466 procede
654 3385 764 3448 muito
786 3385 929 3449 adiante
944 3391 963 3448 ἐ
977 3385 1137 3448 virtudes
1151 3392 1187 3447 et
1199 3386 1324 3464 letraS‚
1341 3392 1376 3446 et
1390 3400 1492 3446 como
1507 3399 1617 3462 agora

392 3498 434 3554 co
456 3501 552 3557 estas
577 3492 797 3570 cotradicoes
815 3491 873 3555 aia
891 3507 1026 3572 poucas
1046 3498 1264 3580 occupoooes
1283 3490 1497 3568 exteriores,
1518 3491 1619 3570 quasi

391 3598 477 3669 todo
501 3617 521 3662 o
548 3606 629 3680 tepo
652 3617 690 3662 se
709 3609 838 3680 guasta
859 3607 878 3664 ε
902 3606 1034 3678 oraoao
1053 3608 1087 3662 et
1105 3597 1229 3662 estudo
1249 3607 1284 3662 et
1298 3614 1320 3662 a
1334 3613 1439 3660 vezes
1454 3613 1492 3658 se
1507 3605 1620 3660 entre-

392 3712 485 3768 mete
500 3723 522 3770 a
535 3706 689 3786 padiola.

453 3811 619 3879 Brandao
634 3822 668 3876 et
683 3812 846 3894 Quadros
861 3811 872 3842 ¹
888 3817 930 3876 co
945 3812 1047 3877 todos
1061 3829 1101 3877 os
1115 3814 1161 3876 do
1175 3829 1240 3876 seu
1254 3829 1370 3892 curso
1388 3828 1455 3892 que
1466 3817 1531 3874 sao
1543 3809 1622 3886 dez,

394 3918 552 3982 ordenou
568 3936 589 3982 o
603 3917 718 3983 Padre
732 3919 863 3983 Mestre
877 3917 996 3984 Simao
1011 3937 1078 4000 que
1092 3919 1149 3983 lhe
1163 3922 1279 3984 lessen
1294 3938 1316 3982 o
1329 3918 1471 3983 residuo
1486 3917 1534 3983 da
1547 3917 1620 3997 phi·

392 4025 555 4106 losophia
569 4034 665 4090 estas
679 4025 798 4106 feriaS,
814 4043 904 4108 para
924 4043 1002 4111 que,
1028 4044 1129 4090 como
1151 4032 1338 4105 comeoare
1359 4042 1401 4090 as
1420 4024 1542 4104 Ιίςόεε,
1565 4043 1623 4088 co-

394 4137 493 4210 ῐηέςέ
508 4149 529 4194 a
544 4134 648 4196 ouvir
658 4133 848 4214 theologia,
862 4151 884 4196 a
894 4135 928 4195 lo
940 4150 1064 4197 menos
1075 4134 1146 4197 hssa
1157 4134 1249 4212 lioao
1261 4138 1304 4197 co
1320 4131 1443 4196 omais
1453 4132 1500 4194 da
1511 4131 1622 4214 philo—

394 4237 536 4320 sophia;
550 4240 622 4304 assi
636 4257 704 4320 que
715 4244 758 4304 co
770 4240 838 4303 isto
850 4239 969 4304 forrao
984 4241 1032 4304 ho
1047 4258 1140 4306 anno
1154 4240 1299 4320 d’arte5‚
1313 4248 1348 4303 et
1358 4244 1400 4302 co
1412 4248 1487 4302 este
1501 4237 1628 4302 deseio

433 4551 443 4584 ¹
473 4549 560 4596 Simon
570 4550 730 4605 Rodumna,
741 4549 919 4595 Provincinlin.

433 4624 445 4656 ¹
472 4621 565 4668 Patres
574 4623 703 4668 Antonius
713 4621 834 4667 Brnndao
845 4627 871 4666 et
881 4621 1014 4667 Tiburtius
1024 4623 1149 4678 Qundros.
1160 4623 1309 4671 Postremus
1318 4626 1372 4682 hic,
1383 4625 1409 4670 in
1423 4624 1524 4670 Indiam
1532 4625 1629 4680 paucis·

391 4693 451 4748 post
459 4693 534 4739 anni·
544 4695 644 4747 miuus,
654 4694 782 4739 Antonius
792 4691 876 4747 coepit
887 4695 1023 4749 appellari.
