3400 5532
748 531 919 590 errsrtan
939 545 1209 598 Quanamssrnas

422 1527 601 1590 Marcellus
614 1531 656 1589 de
669 1529 808 1590 Salazar

456 1625 548 1686 Patri
560 1627 689 1702 ignatio
703 1628 744 1686 de
757 1627 898 1702 Loyola.

493 1724 632 1798 Gaudia,
646 1725 756 1800 3Julii
771 1725 838 1786 1551
854 1725 874 1785 ¹.

528 1823 707 1899 (Excerpta
720 1841 762 1883 ex
775 1823 907 1894 litteris)

368 2054 410 2098 Ex
419 2057 514 2100 litteris
522 2055 646 2112 Marcelli,
653 2057 801 2101 scholastici
811 2056 949 2100 societatis
958 2055 1018 2108 Jesu
1027 2055 1052 2098 ln
1060 2055 1150 2098 eadem
1158 2053 1336 2098 Universitate
1346 2052 1473 2106 Gandioe,
1482 2053 1519 2096 a·
1528 2053 1577 2104 Jnli
1584 2055 1597 2095 l.

428 2271 500 2336 Sub
515 2272 642 2336 festum
663 2270 786 2336 Sancti
800 2270 951 2351 Spiritus
966 2269 977 2300 '
991 2269 1173 2350 profectus
1187 2278 1240 2332 est
1255 2270 1337 2332 hinc
1353 2269 1390 2331 P.
1408 2269 1572 2349 Baptista
1588 2267 1598 2294 ³

368 2397 449 2443 cum
462 2379 560 2442 socio
576 2379 763 2442 sacerdote
778 2379 815 2441 in
828 2377 1045 2442 maritimum
1060 2376 1237 2456 quoddam
1259 2375 1427 2457 oppidum
1445 2376 1531 2438 huic
1550 2377 1598 2436 vi-

367 2487 497 2564 cinum,
513 2486 656 2549 nomine
671 2485 802 2564 Denia,
820 2494 857 2547 ut
872 2485 1041 2547 inviseret
1055 2485 1222 2564 populum
1236 2483 1349 2561 illum,
1365 2482 1424 2544 cui
1438 2497 1523 2544 raro
1539 2493 1598 2543 aut

367 2608 565 2671 nunquam,
581 2600 619 2654 ut
634 2591 796 2671 arbitror,
815 2589 848 2653 id
865 2591 1030 2670 contigit,
1047 2598 1084 2652 ut
1101 2590 1145 2652 ab
1160 2587 1359 2668 hujusmodi
1380 2588 1448 2667 piis
1471 2597 1507 2652 et
1523 2591 1598 2650 reli·

367 2696 478 2777 giosis
502 2698 590 2760 viris
618 2698 804 2760 viseretur.
829 2699 892 2760 Est
917 2715 959 2760 eo
981 2697 1017 2759 in
1043 2696 1172 2777 oppido
1192 2696 1285 2758 bona
1310 2712 1394 2775 pars
1418 2693 1597 2758 redituum

368 2803 472 2884 hujus
490 2804 605 2868 nostri
628 2804 784 2883 collegii,
806 2804 900 2867 unde
923 2821 989 2884 par
1010 2811 1088 2866 erat
1113 2802 1313 2881 spirituales
1332 2800 1469 2864 fructus
1490 2801 1530 2863 in
1549 2801 1599 2861 eis

370 2920 510 2991 optare,
532 2910 694 2990 aquibus
709 2911 922 2989 temporales
940 2909 1212 2989 accipiebamus.
1232 2907 1406 2971 Postridie
1427 2925 1537 2988 quam
1559 2925 1599 2968 eo

368 3028 616 3098 pervenerunt,
633 3017 715 3080 licet
729 3017 804 3080 dies
818 3017 931 3080 labori
943 3016 1081 3079 dicatus
1093 3023 1197 3094 esset,
1210 3013 1307 3077 dedit
1321 3023 1440 3077 tamen
1451 3031 1600 3095 operam

367 3124 406 3188 P.
422 3125 582 3204 Baptista
597 3132 635 3186 ut
649 3125 798 3204 populus
813 3122 858 3187 ad
879 3123 1066 3186 ecclesiam
1087 3140 1151 3202 per
1166 3138 1380 3202 praeconem
1393 3131 1596 3196 vocaretur,

366 3231 563 3310 ibidemque
578 3231 820 3306 concionatus
838 3230 884 3293 ad
899 3230 1136 3292 conscientias
1151 3245 1215 3309 per
1229 3227 1465 3291 confessionis
1480 3245 1599 3291 sacra·

366 3348 524 3402 mentum
537 3338 799 3416 emundandaS,
821 3347 856 3400 et
874 3337 1137 3400 sanctissimam
1159 3335 1426 3413 eucharistiam,
1451 3336 1489 3398 in
1510 3335 1599 3397 festo

366 3455 438 3508 tam
454 3445 602 3508 solemni
615 3443 737 3508 Sancti
750 3442 917 3523 Spiritus,
934 3443 1040 3522 digne
1056 3441 1333 3521 suscipiendam,
1359 3450 1397 3504 ut
1417 3440 1486 3503 Dei
1505 3442 1598 3520 lega·

366 3560 434 3629 tuS,
451 3553 612 3614 hortatus
627 3560 693 3614 est.
706 3551 751 3614 Et
765 3551 929 3631 quamvis
943 3551 979 3612 id
994 3566 1108 3628 genus
1123 3548 1307 3611 hominum
1321 3547 1371 3626 (ut
1387 3548 1537 3627 quinon
1553 3549 1598 3610 ita

366 3659 503 3738 pridem
518 3658 563 3721 ad
581 3657 713 3722 Christi
727 3657 832 3721 fidem
846 3675 890 3720 ex
912 3655 1104 3719 Mahometi
1118 3655 1322 3718 infidelitate
1338 3655 1505 3718 conversi
1527 3655 1598 3717 fere

366 3767 458 3838 sunt)
481 3782 552 3827 non
573 3781 700 3845 parum
721 3764 788 3826 sibi
808 3763 936 3826 secisse
955 3762 1155 3839 videantur,
1171 3763 1202 3826 si
1223 3762 1333 3824 semel
1352 3762 1545 3842 quotannis
1565 3762 1596 3822 id

366 3871 618 3951 praestiterint,
634 3870 775 3933 illorum
790 3879 908 3934 tamen
922 3867 1031 3932 corda
1047 3869 1099 3932 sic
1113 3869 1283 3932 emollivit
1298 3868 1447 3930 verbum
1462 3867 1542 3946 Dei,
1561 3880 1595 3930 ut

366 3977 508 4057 plurimi
521 3977 638 4041 Patris
659 3978 839 4057 Baptistae
855 3975 1002 4039 consilio
1025 3975 1303 4054 acquiescerent.
1326 3973 1462 4038 Eodem
1482 3975 1554 4047 die,
1578 3993 1597 4034 a

365 4084 526 4166 prandi0,
548 4085 585 4147 in
606 4086 777 4164 plateam,
799 4083 892 4164 quod
914 4099 1000 4146 sane
1023 4083 1266 4162 spectaculum
1285 4082 1511 4162 inusitatum,
1535 4100 1596 4144 nec

366 4209 523 4272 unquam
538 4192 632 4271 apud
647 4191 726 4254 illos
746 4191 861 4254 visum
882 4190 965 4270 suit,
989 4188 1034 4252 ad
1049 4189 1333 4252 concionandum
1350 4205 1519 4268 egressus
1533 4201 1594 4251 est.

364 4298 517 4361 Instituit
541 4298 668 4361 deinde
693 4297 788 4360 hunc
815 4297 991 4375 ordinem,
1018 4307 1056 4358 ut
1080 4295 1155 4374 ipse
1183 4312 1287 4358 mane
1313 4297 1593 4371 concionaretur,

366 4421 518 4484 vespere
534 4413 652 4466 autem
667 4404 777 4484 ipsius
793 4405 911 4467 socius
926 4403 1157 4466 christianam
1170 4403 1371 4465 doctrinam
1384 4403 1592 4471 declararet,

407 4609 415 4642 ¹
445 4609 641 4664 apographum,
653 4608 741 4653 Patris
750 4607 877 4652 Bernardi
888 4607 995 4651 Oliverll
1006 4617 1092 4660 manu,
1103 4607 1129 4650 tn
1139 4607 1200 4650 lolio
1209 4607 1244 4659 72,
1254 4607 1372 4652 ollmlll.

406 4681 418 4712 ἱ
446 4680 621 4724 Pentecostes.

406 4753 419 4784 ⁸
446 4751 557 4806 Joannes
568 4752 689 4806 Baptista
699 4753 730 4796 de
739 4751 842 4796 Borma.
