3400 5532
383 523 440 583 ala
769 527 941 588 erranaa
960 544 1231 595 ounnnmasraas

386 671 457 734 cati
468 679 560 750 sunt,
577 672 638 752 qui
649 672 685 735 in
696 675 897 754 praeceptis
911 672 1055 738 Domini
1069 686 1104 738 et
1119 675 1198 738 aliis
1214 676 1305 739 scitu
1318 676 1534 740 necessariis
1545 675 1621 757 jam

383 777 548 841 instructi
562 788 653 843 sunt.
670 779 850 843 Laudetur
859 780 1033 844 bonorum
1044 783 1200 846 omnium
1215 791 1339 846 auctor
1351 782 1461 846 Deus.

444 883 484 948 In
499 885 662 966 collegio,
678 896 820 966 praeter
834 887 1023 951 conciones
1037 889 1197 969 publicas
1210 897 1244 952 et
1256 889 1471 953 christianae
1487 889 1618 952 doctri·

385 1009 453 1054 nae
468 992 758 1072 explicationem,
781 993 825 1055 de
840 994 966 1075 quibus
981 995 1197 1058 mentionem
1211 995 1296 1075 feci,
1311 996 1483 1059 virtutum
1504 995 1620 1076 profe·

384 1099 462 1161 ctui
480 1098 660 1162 ferventer
680 1100 864 1179 insistitur,
887 1109 922 1163 et
942 1100 1164 1165 obedientiae
1183 1101 1436 1183 perfectionem
1458 1101 1579 1182 (quam
1601 1122 1619 1164 a

383 1205 423 1266 P.
439 1203 485 1268 V.
502 1205 886 1270 commendatissimam
900 1225 978 1270 esse
992 1207 1204 1288 intelligunt)
1220 1209 1376 1272 maximo
1397 1210 1515 1272 studio
1537 1227 1619 1272 con·

385 1319 566 1374 sectantur
590 1320 637 1391 et,
658 1312 803 1392 proprio
823 1330 930 1376 sensu
951 1329 994 1376 ac
1013 1311 1146 1393 judicio
1165 1315 1353 1395 abnegato,
1376 1325 1415 1379 et
1431 1318 1620 1379 voluntate

384 1418 530 1498 propria
544 1419 755 1482 omnimodis
770 1420 984 1483 conterenda
1000 1429 1034 1484 et
1051 1423 1309 1500 conculcanda,
1327 1441 1404 1486 sese
1418 1433 1457 1486 ut
1478 1424 1620 1501 integra

383 1524 594 1589 holocausta
614 1525 691 1588 Deo
711 1525 896 1590 immolare
916 1526 1138 1607 adnituntur;
1162 1529 1370 1608 corporibus
1390 1539 1508 1592 autem
1527 1530 1621 1592 male

383 1632 585 1694 consultum
599 1640 692 1695 esset
706 1650 792 1713 prae
806 1633 950 1697 fervore
970 1633 1130 1714 spiritus
1151 1635 1183 1697 si
1201 1635 1318 1698 Patris
1338 1636 1519 1717 Baptistae
1538 1652 1620 1715 pru·

384 1737 505 1801 dentia
531 1756 603 1802 non
621 1737 759 1818 juberet
780 1741 943 1803 sanitatis
967 1741 1142 1805 rationem
1167 1742 1310 1806 omnino
1331 1743 1470 1808 haberi:
1494 1753 1620 1823 suapte

385 1844 480 1908 enim
496 1844 541 1908 ad
558 1845 713 1908 studium
726 1845 1009 1910 mortificationis
1023 1848 1128 1910 valde
1139 1847 1269 1912 fratres
1282 1851 1451 1930 propensi
1464 1858 1559 1913 sunt.

445 1951 485 2016 In
500 1951 625 2015 studiis
640 1952 838 2016 litterarum
853 1953 1115 2034 humaniorum,
1132 1955 1323 2018 latinarum
1337 1965 1372 2018 et
1392 1973 1618 2035 graecarum,

384 2067 461 2122 tum
473 2059 604 2122 artium
615 2059 813 2123 liberalium
823 2070 858 2122 et
870 2078 996 2123 sacrae
1008 2061 1209 2141 theologiae
1220 2062 1357 2141 studiis,
1371 2080 1442 2127 non
1453 2063 1490 2126 in
1500 2063 1620 2126 lectio·

383 2165 488 2228 nibus
502 2166 615 2228 solum
631 2165 694 2228 sed
716 2174 751 2228 et
765 2167 802 2228 in
816 2166 1040 2230 scholasticis
1061 2167 1389 2248 exercitationibus,
1409 2171 1523 2232 solers
1545 2169 1619 2232 dili·

383 2271 506 2351 gentia
521 2288 542 2333 a
557 2273 738 2352 magistris
752 2280 787 2335 et
802 2271 984 2352 discipulis
999 2272 1201 2354 adhibetur,
1219 2275 1361 2355 ingenia
1377 2276 1464 2338 satis
1486 2275 1616 2354 felicia,

381 2377 515 2458 judicia
530 2389 680 2457 matura,
698 2378 849 2442 eruditio
862 2396 934 2442 non
950 2379 1138 2444 mediocris
1160 2381 1237 2461 (pro
1252 2381 1420 2463 cujusque
1435 2383 1564 2462 gradu)
1583 2384 1617 2446 ln

385 2483 554 2548 fratribus
570 2485 882 2550 animadvertitur:
904 2487 1041 2550 externi
1060 2504 1148 2550 vero
1169 2487 1388 2568 scholastici,
1412 2489 1531 2570 quoad
1545 2487 1619 2569 ejus

384 2590 461 2654 fieri
474 2599 601 2670 potest,
617 2590 662 2654 ad
676 2599 837 2656 nostrum
850 2609 985 2657 morem
998 2611 1109 2675 prope
1121 2594 1304 2658 accedunt.

444 2695 512 2760 Die
527 2697 703 2760 dominica
722 2697 815 2761 infra
835 2707 1002 2764 octavam
1021 2699 1190 2780 Corporis
1210 2700 1342 2764 Christi
1362 2702 1464 2784 Jesu,
1485 2721 1616 2784 pompa

382 2802 613 2867 devotissima
627 2805 787 2869 instituta
803 2814 873 2886 est,
890 2824 981 2887 quae
995 2807 1041 2870 ad
1052 2808 1241 2871 ecclesiam
1255 2816 1415 2872 nostram
1429 2810 1540 2888 venit,
1558 2811 1616 2873 cui

383 2926 499 2973 novus
513 2909 673 2974 Gandiae
695 2910 779 2975 Dux
800 2911 808 2943 ¹
828 2912 987 2976 interfuit
1006 2923 1040 2976 et
1059 2914 1345 2994 frequentissima
1364 2917 1486 2996 populi
1500 2917 1615 2980 multi-

382 3017 477 3096 tudo,
492 3018 549 3081 cui
563 3018 768 3081 concionari
782 3018 901 3082 debuit
914 3037 980 3101 pro
991 3037 1090 3084 more
1101 3019 1138 3084 P.
1153 3021 1325 3102 Baptista,
1342 3021 1616 3086 sanctissimum

382 3121 652 3187 Sacramentum
676 3125 923 3189 Eucharistiae
944 3127 1120 3191 inclusum
1140 3129 1301 3192 sacrario
1326 3129 1362 3191 in
1384 3131 1547 3194 manibus
1567 3141 1615 3193 te·

383 3231 517 3309 nendo;
547 3230 642 3311 quod
669 3249 755 3295 sane
784 3249 865 3296 cum
893 3234 1054 3316 maxima·
1079 3234 1236 3297 omnium
1264 3234 1509 3300 aedificatione
1536 3253 1616 3316 per·

383 3347 503 3401 actum
517 3347 582 3402 est.

444 3443 526 3508 Alia
540 3461 613 3507 non
626 3461 741 3525 pauca
756 3445 802 3508 ad
816 3447 969 3524 gloriam
982 3446 1049 3510 Dei
1065 3447 1220 3528 quotidie
1235 3446 1339 3526 fiunt,
1362 3449 1405 3512 de
1428 3451 1553 3530 quibus
1572 3449 1616 3512 si-

383 3550 534 3628 gillatim
548 3550 713 3629 scribere,
727 3550 871 3630 longum
886 3561 989 3615 esset.

425 3823 434 3856 ¹
463 3823 571 3868 Carolus
581 3825 612 3868 de
622 3825 708 3880 Borja,
719 3827 761 3880 qul
772 3829 849 3880 paulo
861 3833 919 3871 unte
938 3828 1007 3882 patri
1021 3839 1076 3884 suo,
1088 3829 1226 3876 Franclsco
1237 3832 1268 3875 de
1279 3831 1367 3888 Borja,
1383 3833 1409 3876 in
1426 3831 1539 3877 Gauillae
1561 3832 1616 3875 Du·

383 3901 444 3939 catu
454 3903 625 3941 successerat.
