3400 5532
297 514 355 573 ‘294
685 507 856 568 errsnsn
875 525 1148 576 ouaonmssrnns

297 657 403 720 liceat
419 655 571 734 impune,
585 653 660 734 jam
673 672 744 718 non
759 654 839 717 dico
854 651 1014 735 pejerare
1029 663 1090 716 aut
1104 653 1349 734 blasphemum
1364 666 1453 734 esse,
1467 655 1534 718 sed

298 781 344 826 ne
361 763 433 825 levi
457 761 598 841 quidem
614 759 814 842 juramento
834 761 1026 841 quicquam
1043 761 1134 823 velle
1153 760 1377 824 convincere.
1400 761 1535 827 Statuit

300 885 378 932 eam
393 869 430 931 in
444 884 519 931 rem
533 884 667 949 poenas
680 884 745 947 pro
758 865 955 947 jusjurandi
970 875 1030 930 aut
1044 866 1197 931 hominis
1209 868 1349 930 ratione
1370 867 1535 948 irrogan-

297 977 382 1054 das;
410 973 718 1055 flagitantibusque
740 983 827 1038 natu
851 982 886 1036 et
910 973 1081 1054 dignitate
1102 973 1368 1054 grandioribus,
1395 974 1534 1055 primos

296 1084 435 1164 judices
453 1083 660 1146 Emmanuel
682 1090 801 1145 noster
826 1083 933 1161 elegit
953 1099 1058 1162 quos,
1086 1090 1121 1145 et
1145 1081 1240 1144 vitae
1265 1081 1470 1162 integrioris
1496 1092 1534 1146 et

299 1190 443 1269 linguae
454 1189 795 1269 temperantissimae
806 1205 895 1268 esse,
909 1187 1202 1269 deprehenderat.
1216 1187 1353 1252 Novem
1361 1205 1535 1269 passuum

300 1296 453 1360 millibus
467 1295 513 1357 ab
527 1311 569 1358 eo
585 1295 714 1376 oppido
730 1293 894 1359 Conchae
909 1294 1037 1377 civitas
1052 1295 1166 1373 abest,
1184 1303 1352 1358 ettamen
1371 1295 1536 1358 nonnulli

300 1402 396 1466 illinc
416 1401 750 1484 profisciscebantur
774 1402 987 1465 concionum
1010 1401 1249 1465 Emmanuelis
1275 1402 1535 1466 audiendarum

297 1527 420 1573 causa.
437 1508 602 1572 Conebae
617 1510 724 1572 etiam
739 1517 792 1572 est
806 1509 1037 1571 concionatus
1053 1508 1098 1571 ad
1112 1509 1281 1589 populum
1302 1526 1373 1573 non
1393 1508 1533 1572 minore

299 1617 482 1681 hominum
492 1615 690 1697 frequentia
702 1633 807 1697 quam
818 1593 1065 1678 binevolentia
1075 1623 1121 1694 et,
1134 1623 1173 1678 ut
1187 1633 1383 1696 speramus,
1395 1616 1531 1679 fructu.

298 1723 458 1787 Tandem
473 1723 519 1786 ad
534 1740 599 1787 nos
617 1740 797 1801 reversus,
819 1721 857 1785 P.
880 1722 1108 1786 Villanovam
1127 1719 1273 1802 adjuvat
1288 1723 1324 1785 in
1344 1722 1534 1802 expedien-

298 1830 355 1894 dis
369 1832 474 1894 rebus
494 1829 668 1910 plurimiS,
689 1829 815 1916 quibus
833 1846 923 1910 pene
943 1829 1046 1892 ambo
1063 1828 1167 1893 simul
1185 1847 1291 1910 pares
1305 1830 1368 1893 vix
1383 1845 1462 1892 esse
1482 1830 1535 1893 vi·

299 1939 439 2002 dentur.

361 2044 521 2108 Exerciti
543 2052 624 2108 sunt
644 2044 699 2108 his
718 2043 841 2107 diebus
859 2043 1000 2124 plurimi
1015 2042 1179 2107 diversae
1194 2043 1407 2107 conditionis
1422 2043 1536 2106 homi-

302 2170 376 2230 nes,
390 2152 525 2216 nobiles
540 2152 683 2232 quidam
698 2149 891 2231 conjugati,
906 2149 1044 2230 medici,
1058 2149 1215 2230 theologi
1229 2161 1265 2214 et
1279 2152 1370 2214 inter
1384 2167 1447 2213 eos
1461 2158 1538 2212 tres

300 2259 425 2322 Patres
433 2256 646 2321 Mercenarii
658 2255 666 2287 ¹
679 2276 725 2320 ex
732 2257 789 2320 his
800 2258 860 2337 qui
870 2257 1046 2338 Compluti
1057 2258 1251 2337 penetralia
1264 2273 1449 2321 sacrarum
1460 2257 1537 2319 lite-

300 2383 424 2431 rarum
435 2364 576 2428 adeunt.
592 2363 684 2428 Nam
694 2364 762 2427 hoc
770 2363 879 2444 judex
891 2365 1106 2430 Academiae
1118 2366 1234 2446 (quem
1245 2372 1537 2429 conservatorem

302 2473 447 2551 vocant)
461 2473 581 2536 multis
592 2471 773 2536 contendit
787 2471 963 2552 precibus
981 2473 1141 2536 exerceri
1151 2482 1186 2537 et
1199 2472 1275 2552 ipse
1290 2487 1372 2536 cum
1390 2472 1537 2551 reliquis

303 2580 465 2644 Patribus
481 2579 548 2642 sibi
561 2579 760 2641 commissis
775 2578 932 2659 cupiens.
950 2579 1005 2644 Ex
1024 2579 1193 2659 Collegio,
1210 2579 1305 2660 quod
1323 2597 1345 2641 a
1360 2578 1549 2658 dignitate-

303 2684 416 2765 Majus
430 2694 573 2764 vocant,
588 2685 680 2748 unde
696 2685 912 2750 Academiae
923 2695 1081 2750 rectores
1096 2695 1262 2750 creantur
1281 2686 1444 2766 undeque
1460 2685 1534 2748 uni-

301 2811 430 2856 versae
442 2791 635 2872 Hispaniae
647 2792 804 2871 theologi
815 2811 858 2855 ac
870 2793 1139 2857 concionatores
1151 2803 1186 2856 et
1196 2793 1357 2857 ecclesiis
1369 2801 1404 2856 et
1416 2792 1535 2856 cathe-

301 2901 378 2964 dris
391 2899 564 2981 propositi
582 2899 838 2977 ministrantur,
855 2899 1013 2963 nonnulli
1032 2909 1125 2979 sunt,
1141 2901 1203 2980 qui
1223 2899 1455 2962 libentissime
1479 2916 1535 2960 sa·

302 3025 385 3071 cros
400 3007 569 3070 orationis
584 3015 618 3068 et
637 3006 874 3070 meditationis
895 3005 1029 3070 fructus
1049 3015 1232 3088 caperent,
1254 3006 1285 3069 si
1307 3006 1426 3085 aliqua
1447 3007 1540 3069 relu-

302 3124 400 3179 ceret
415 3111 599 3177 commode
613 3113 649 3177 id
667 3112 903 3194 prosequendi
922 3113 1178 3194 opportunitas
1202 3108 1393 3176 Sanctione
1415 3120 1539 3175 tamen

302 3222 532 3301 institutoque
547 3221 601 3282 sui
615 3220 795 3299 gymnasii
813 3220 1047 3298 deterrentur,
1067 3237 1137 3300 quo
1152 3220 1257 3298 gravi
1277 3220 1410 3284 mulcta
1433 3235 1540 3282 cave·

305 3339 361 3392 tur
375 3328 510 3408 nequis
529 3345 574 3390 ex
589 3326 734 3406 collegis
748 3327 822 3390 suis
837 3336 939 3390 extra
950 3325 1147 3406 Collegium
1157 3337 1340 3407 pernoctet
1352 3326 1423 3389 nisi
1435 3335 1540 3390 extra

302 3435 425 3515 oppidi
450 3449 569 3498 muros
593 3442 732 3513 agatur.
755 3431 826 3497 Sed
845 3433 986 3496 obviam
1005 3433 1158 3498 eundum
1177 3442 1230 3496 est
1255 3433 1373 3513 aliqua
1399 3433 1541 3496 ratione

305 3542 487 3622 praedicto
505 3541 698 3618 obstaculo,
715 3557 759 3602 ne
774 3557 900 3603 ansam
919 3538 999 3602 inde
1015 3540 1165 3603 daemon
1184 3538 1333 3619 arripiat
1348 3555 1424 3602 rem
1445 3556 1541 3602 com·

308 3648 550 3711 modissimam
564 3644 833 3710 interturbandi.

368 3753 545 3834 Siguntini
556 3764 591 3817 et
603 3753 829 3818 conchenses
840 3763 875 3816 et
887 3771 1017 3816 venere
1029 3754 1129 3818 multi
1140 3765 1174 3817 et
1184 3754 1325 3817 venturi
1336 3762 1428 3832 sunt,
1437 3769 1539 3832 prae·

310 3862 433 3923 sertim
459 3878 504 3923 ex
527 3861 689 3938 collegi0,
717 3858 812 3940 quod
836 3860 907 3923 illic
933 3860 1109 3939 theologis
1130 3869 1184 3923 est
1210 3860 1358 3938 celebre,
1386 3876 1541 3940 quorum

308 3966 459 4030 exerciti
479 3976 560 4029 sunt
581 3967 660 4045 duo,
684 3966 828 4047 reliquis
848 3967 1023 4044 venturis,
1048 3967 1078 4029 si
1097 3984 1178 4046 spes
1199 3965 1356 4029 arrideat
1376 3982 1437 4029 eos
1463 3965 1541 4030 fore

309 4072 541 4154 recipiendos.
558 4072 693 4136 Doctor
708 4071 872 4154 Vergara
889 4073 1030 4153 scripsit
1042 4072 1080 4135 P.
1096 4084 1219 4136 nostro
1231 4072 1446 4138 Villanovae
1461 4090 1541 4136 esse

309 4180 404 4260 apud
419 4197 456 4242 se
472 4178 661 4257 (Conchae)
674 4180 928 4243 monasterium
942 4178 1036 4243 Divo
1047 4177 1241 4242 Francisco
1253 4179 1421 4254 dicatum,
1438 4177 1541 4260 cujus

310 4285 544 4350 Prouincialis
554 4285 753 4367 Rectorque
766 4303 845 4350 cum
856 4286 971 4366 prima
984 4285 1232 4365 religiosorum
1242 4287 1407 4367 portione
1419 4295 1541 4367 optent

307 4393 471 4456 exerceri
485 4401 589 4473 atque
604 4409 683 4455 eam
697 4393 733 4454 in
747 4409 822 4455 rem
838 4392 928 4455 mitti
939 4392 1007 4455 sibi
1021 4393 1174 4471 aliquem
1185 4410 1230 4454 ex
1246 4391 1411 4456 Patribus
1425 4390 1541 4456 Socie

281 4533 285 4542 ·
311 4501 394 4564 tatis
409 4499 601 4581 postulent;
619 4498 785 4580 ajuntque
799 4515 837 4562 se
852 4500 888 4562 in
908 4508 1085 4563 conventu
1107 4500 1214 4563 totius
1230 4498 1374 4577 ordinis
1400 4497 1543 4562 eumad

304 4647 530 4672 ’σι--ι-ι-

354 4741 362 4773 ¹
393 4741 486 4785 Patres
497 4741 599 4787 Ordinis
611 4743 638 4786 Β.
650 4742 681 4786 hl.
694 4743 810 4798 Virginis
821 4744 850 4787 de
862 4743 986 4796 Mercede,
998 4754 1044 4798 pro
1055 4743 1230 4798 redemptione
1241 4741 1413 4797 captivorum.
