3378 5530
753 486 927 544 Lucanae
948 497 1217 551 ouaonmasraes

889 1132 1083 1248 xuvtrr

424 1510 618 1584 Alphonsus
632 1507 772 1566 Barreto

461 1608 553 1666 Patri
567 1607 695 1680 Ignatio
709 1608 749 1664 de
764 1608 901 1680 Loyola.

494 1704 562 1764 San
576 1706 664 1777 Fins,
681 1721 794 1764 mense
808 1705 983 1778 Augusto?
999 1704 1065 1762 1551
1082 1704 1101 1758 ¹.

942 1939 1025 2057 n'ls.
1117 1983 1124 1997 '

431 2236 638 2300 Reverende
654 2237 690 2300 in
704 2235 847 2300 Christo
864 2235 981 2299 Pater.
1175 2317 1183 2332 ι

432 2343 558 2407 Gratia
583 2353 618 2406 et
638 2360 738 2416 amor
758 2342 890 2406 Christi
913 2344 1094 2422 possideat
1116 2359 1254 2422 semper
1280 2341 1417 2404 animas
1436 2350 1471 2402 et
1494 2339 1604 2402 corda

372 2459 506 2514 nostra.
524 2449 650 2512 Amen.
1577 2527 1580 2534 ,

432 2555 678 2634 Superioribus
693 2556 818 2618 litteris
833 2555 960 2635 scripsi
974 2555 1017 2618 de
1032 2555 1279 2618 distributione
1295 2553 1439 2618 Patrum
1456 2572 1499 2617 ac
1520 2553 1603 2615 Fra·

373 2671 467 2725 trum
492 2663 528 2725 in
553 2663 620 2725 hac
645 2663 917 2744 quadragesima
936 2681 1000 2743 per
1019 2663 1190 2724 ecclesias
1208 2660 1433 2742 oppidorum,
1456 2677 1603 2723 numero

375 2769 482 2832 credo
497 2768 697 2847 duodecim,
716 2769 759 2832 ab
775 2770 843 2832 hoc
857 2778 981 2832 nostro
1004 2768 1161 2849 Collegio
1180 2769 1303 2848 paucis
1325 2767 1536 2830 milliaribus
1555 2765 1603 2826 di-

374 2876 558 2955 stantium,
574 2884 612 2938 ut
628 2876 662 2938 in
678 2876 763 2954 ipsis
779 2875 822 2938 de
836 2875 912 2938 Deo
927 2877 1163 2955 loquerentur,
1181 2876 1404 2954 evangelium
1424 2874 1603 2953 explican-

373 2991 441 3061 teS,
465 2991 499 3044 et
518 3001 563 3045 ex
582 2983 652 3045 hoc
673 2982 849 3045 uberrimo
870 2981 967 3044 fonte
987 2998 1115 3062 aquam
1134 2983 1332 3060 haurirent,
1354 2999 1424 3060 qua
1442 2980 1603 3042 sitientes

373 3087 500 3151 horum
510 3088 692 3152 hominum
702 3088 839 3151 animas
845 3086 1131 3168 potarent.Nunc
1141 3097 1293 3167 quantus
1303 3087 1450 3164 fructus,
1460 3086 1603 3148 favente

373 3196 463 3273 Deo,
477 3195 522 3258 sit
536 3205 689 3273 secutus,
703 3197 846 3274 longum
859 3204 951 3258 esset
966 3212 1146 3274 enarrare3
1163 3202 1299 3258 tantum
1313 3193 1431 3272 aliqua
1446 3193 1603 3255 breviter

374 3306 599 3383 complectar.
615 3302 818 3366 Audiuntur
832 3319 913 3365 cum
928 3319 1058 3381 magna
1073 3301 1243 3364 aviditate
1258 3311 1292 3364 et
1306 3300 1512 3381 frequenter
1523 3317 1604 3362 cum

373 3411 558 3490 lacrymis;
574 3409 640 3489 ipsi
656 3427 743 3472 vero
757 3409 979 3489 potissimum
992 3409 1158 3471 laborant
1173 3408 1334 3471 odiorum
1348 3416 1382 3469 et
1403 3406 1604 3470 inimicitia-

373 3533 452 3580 rum
471 3516 592 3597 spinas
611 3517 779 3595 evellere,
801 3533 891 3595 quae
910 3517 1040 3578 multae
1061 3516 1097 3578 in
1116 3515 1171 3577 his
1192 3514 1396 3594 regionibus
1416 3523 1451 3576 et
1474 3516 1603 3578 acerri-

373 3640 453 3686 mae
467 3632 562 3701 sunt;
579 3623 615 3685 in
631 3623 805 3703 aliquibus
820 3631 937 3686 autem
951 3624 1039 3686 locis
1057 3622 1120 3684 vix
1139 3621 1317 3684 hominem
1339 3629 1399 3683 aut
1419 3621 1603 3684 mulierem

373 3729 533 3792 invenire
548 3729 644 3810 licet,
662 3731 721 3810 qui
739 3731 807 3792 hoc
826 3729 949 3792 morbo
969 3746 1040 3791 non
1059 3729 1205 3791 laboret.
1226 3726 1327 3791 Unde
1346 3726 1384 3790 fit
1403 3737 1440 3790 ut
1460 3729 1602 3807 saepius

414 3986 422 4018 ¹
452 3985 638 4039 Autographae
654 3987 760 4029 litterae
775 3994 833 4030 aunt
849 3988 874 4030 in
891 3987 952 4030 lolio
965 3986 1073 4040 duplici,
1089 3985 1128 4028 cul
1143 3985 1204 4029 olim
1219 3991 1294 4028 erant
1310 3996 1350 4028 nn.
1368 3984 1408 4028 ¹332
1424 3992 1450 4028 et
1467 3986 1520 4037 213,
1539 3998 1602 4030 nunc

374 4068 437 4100 vero
449 4058 486 4100 158
496 4064 522 4101 et
534 4056 656 4100 159.-Est
667 4064 692 4100 et
703 4058 880 4112 apographum
890 4058 986 4101 saeculi
998 4069 1056 4107 xvi,
1067 4058 1092 4100 ln
1104 4057 1163 4100 lolio
1174 4056 1270 4110 tripllcl
1280 4057 1341 4100 ollm
1353 4068 1394 4100 nn.
1404 4057 1457 4106 229.
1468 4058 1510 4100 ‘230
1519 4065 1546 4101 et
1556 4059 1601 4106 231.

374 4140 439 4171 nunc
452 4129 498 4182 153,
510 4129 548 4172 151
559 4135 585 4172 et
597 4130 642 4172 155.

413 4199 500 4252 Neque
511 4200 688 4254 autographae
699 4212 780 4254 neque
791 4201 958 4254 apographae
971 4205 1074 4243 nostrae
1086 4200 1190 4242 litterae
1206 4201 1289 4243 locum
1303 4211 1330 4243 et
1346 4210 1440 4242 annum
1456 4199 1602 4252 designant,

374 4280 423 4322 quo
433 4269 510 4312 datae
522 4277 589 4312 sunt.
601 4270 651 4313 Sed
661 4272 732 4314 locus
741 4283 773 4314 ex
784 4277 906 4315 contextu
917 4278 988 4314 certo
998 4277 1108 4324 apparet
1122 4270 1200 4314 tuisse
1212 4271 1354 4315 Abbatlam
1364 4282 1409 4314 seu
1417 4273 1601 4315 monasterium

374 4339 462 4381 Sancti
475 4338 567 4382 Felicia
578 4340 643 4392 (San
654 4339 853 4396 Fins),·tempus
864 4347 950 4384 autem
961 4342 1029 4384 allud
1042 4353 1156 4384 essenon
1172 4346 1256 4394 potest
1272 4353 1348 4395 quam
1365 4341 1427 4384 illud
1442 4343 1510 4395 quod
1525 4343 1602 4385 inter-

373 4409 441 4452 cedit
452 4409 520 4452 lnter
530 4410 597 4453 diem
608 4409 744 4454 Paschatls
754 4413 813 4456 anni
827 4413 886 4466 1551,
897 4423 981 4456 sermo
992 4413 1059 4456 enim
1069 4411 1097 4454 fit
1113 4412 1143 4454 de
1159 4411 1190 4456 lis
1204 4423 1269 4466 quae
1285 4412 1310 4455 ln
1325 4413 1400 4467 hujus
1415 4413 1475 4456 anal
1492 4413 1602 4468 quadra·

373 4480 473 4534 gesima
488 4487 563 4534 gesta
580 4487 654 4534 sunt,
673 4487 698 4525 et
717 4483 782 4526 diem
799 4483 957 4537 Septembris
972 4490 1106 4537 quartam,
1124 4495 1182 4538 qna,
1197 4484 1240 4536 qui
1256 4483 1435 4537 philosophiae
1446 4484 1481 4528 ibl
1497 4495 1602 4539 operam

373 4553 497 4595 dederant
508 4551 669 4606 scholastici,
680 4552 869 4598 Conlmbricam
880 4556 1010 4598 redierunt
1026 4555 1167 4607 (Poeauco,
1177 4554 1279 4606 chron„
1295 4562 1312 4599 t.
1329 4567 1360 4610 11,
1375 4566 1435 4610 pag.
1445 4555 1499 4612 372,
1511 4570 1535 4601 n.
1546 4557 1602 4608 120).

374 4623 434 4666 ldeo
444 4623 492 4667 has
502 4623 613 4676 litteras,
625 4624 709 4678 Aprlll
720 4631 765 4668 aut
776 4625 808 4668 ad
819 4637 944 4670 summum
952 4627 1069 4680 Augusto
1081 4637 1166 4670 menae
1177 4633 1302 4678 exeunte,
1316 4639 1365 4682 quo
1375 4634 1489 4683 tempore
1501 4629 1602 4683 quadri-

373 4699 484 4738 mestres
494 4693 584 4739 confici
595 4697 712 4750 mittique
724 4697 854 4749 solebant,
865 4699 977 4751 scriptas
988 4706 1158 4742 autumamus.
