<?xml version="1.0" encoding="UTF-8"?>
<!DOCTYPE html PUBLIC "-//W3C//DTD XHTML 1.0 Transitional//EN"
    "http://www.w3.org/TR/xhtml1/DTD/xhtml1-transitional.dtd">
<html xmlns="http://www.w3.org/1999/xhtml" xml:lang="en" lang="en">
 <head>
  <title>
</title>
<meta http-equiv="Content-Type" content="text/html;charset=utf-8" />
  <meta name='ocr-system' content='tesseract 3.04.00' />
  <meta name='ocr-capabilities' content='ocr_page ocr_carea ocr_par ocr_line ocrx_word'/>
</head>
<body>
  <div class='ocr_page' id='page_1' title='image "./litteraequadrim01jesugoog_0034.png"; bbox 0 0 3442 5538; ppageno 0'>
   <div class='ocr_carea' id='block_1_1' title="bbox 739 481 1204 550">
    <p class='ocr_par' dir='ltr' id='par_1_1' title="bbox 739 481 1204 550">
     <span class='ocr_line' id='line_1_1' title="bbox 739 481 1204 550; baseline -0.009 -8"><span class='ocrx_word' id='word_1_1' title='bbox 739 481 910 542; x_wconf 76' lang='lat' dir='ltr'>erraana</span> <span class='ocrx_word' id='word_1_2' title='bbox 929 496 1204 550; x_wconf 71' lang='lat' dir='ltr'>ounuaruasrnas</span> 
     </span>
    </p>
   </div>
   <div class='ocr_carea' id='block_1_2' title="bbox 403 1459 931 1728">
    <p class='ocr_par' dir='ltr' id='par_1_2' title="bbox 403 1459 931 1728">
     <span class='ocr_line' id='line_1_2' title="bbox 403 1459 809 1534; baseline -0.007 -14"><span class='ocrx_word' id='word_1_3' title='bbox 403 1460 441 1520; x_wconf 91' lang='lat' dir='ltr'>P.</span> <span class='ocrx_word' id='word_1_4' title='bbox 455 1459 575 1520; x_wconf 83' lang='lat' dir='ltr'><strong>Daniel</strong></span> <span class='ocrx_word' id='word_1_5' title='bbox 588 1459 809 1534; x_wconf 79' lang='lat' dir='ltr'>Paeybroeclr</span> 
     </span>
     <span class='ocr_line' id='line_1_3' title="bbox 440 1556 882 1632; baseline 0 -16"><span class='ocrx_word' id='word_1_6' title='bbox 440 1559 531 1618; x_wconf 87' lang='lat' dir='ltr'>Patri</span> <span class='ocrx_word' id='word_1_7' title='bbox 544 1557 673 1632; x_wconf 83' lang='lat' dir='ltr'>ignatio</span> <span class='ocrx_word' id='word_1_8' title='bbox 688 1558 729 1616; x_wconf 88' lang='lat' dir='ltr'>de</span> <span class='ocrx_word' id='word_1_9' title='bbox 742 1556 882 1632; x_wconf 86' lang='lat' dir='ltr'>Loyola,</span> 
     </span>
     <span class='ocr_line' id='line_1_4' title="bbox 475 1654 931 1728; baseline 0 -14"><span class='ocrx_word' id='word_1_10' title='bbox 475 1655 636 1728; x_wconf 80' lang='lat' dir='ltr'>Louanio,</span> <span class='ocrx_word' id='word_1_11' title='bbox 653 1654 687 1713; x_wconf 90' lang='lat'>17</span> <span class='ocrx_word' id='word_1_12' title='bbox 699 1654 813 1714; x_wconf 86' lang='lat' dir='ltr'>Martii</span> <span class='ocrx_word' id='word_1_13' title='bbox 828 1655 898 1714; x_wconf 86' lang='grc'>1547</span> <span class='ocrx_word' id='word_1_14' title='bbox 912 1655 931 1714; x_wconf 87' lang='lat'>¹.</span> 
     </span>
    </p>
   </div>
   <div class='ocr_carea' id='block_1_3' title="bbox 470 1936 1470 1995">
    <p class='ocr_par' dir='ltr' id='par_1_3' title="bbox 470 1936 1470 1995">
     <span class='ocr_line' id='line_1_5' title="bbox 470 1936 1470 1995; baseline -0.005 -11"><span class='ocrx_word' id='word_1_15' title='bbox 470 1940 550 1995; x_wconf 86' lang='lat' dir='ltr'>Copia</span> <span class='ocrx_word' id='word_1_16' title='bbox 565 1941 595 1984; x_wconf 86' lang='lat' dir='ltr'>de</span> <span class='ocrx_word' id='word_1_17' title='bbox 611 1952 661 1983; x_wconf 87' lang='lat' dir='ltr'>una</span> <span class='ocrx_word' id='word_1_18' title='bbox 676 1947 749 1983; x_wconf 85' lang='lat' dir='ltr'>carta</span> <span class='ocrx_word' id='word_1_19' title='bbox 765 1940 795 1983; x_wconf 89' lang='lat' dir='ltr'>de</span> <span class='ocrx_word' id='word_1_20' title='bbox 812 1939 925 1983; x_wconf 83' lang='lat' dir='ltr'>Flandes</span> <span class='ocrx_word' id='word_1_21' title='bbox 940 1950 1006 1994; x_wconf 81' lang='lat' dir='ltr'>para</span> <span class='ocrx_word' id='word_1_22' title='bbox 1021 1945 1124 1983; x_wconf 80' lang='lat' dir='ltr'>nuestro</span> <span class='ocrx_word' id='word_1_23' title='bbox 1141 1939 1221 1982; x_wconf 84' lang='lat' dir='ltr'>Santo</span> <span class='ocrx_word' id='word_1_24' title='bbox 1238 1937 1320 1981; x_wconf 87' lang='lat' dir='ltr'>Padre</span> <span class='ocrx_word' id='word_1_25' title='bbox 1335 1936 1470 1992; x_wconf 63' lang='lat' dir='ltr'>lgnacrot.</span> 
     </span>
    </p>
   </div>
   <div class='ocr_carea' id='block_1_4' title="bbox 352 2550 1585 4229">
    <p class='ocr_par' dir='ltr' id='par_1_4' title="bbox 356 2550 1585 2723">
     <span class='ocr_line' id='line_1_6' title="bbox 416 2550 1585 2636; baseline -0.003 -20"><span class='ocrx_word' id='word_1_26' title='bbox 416 2552 542 2616; x_wconf 87' lang='lat' dir='ltr'><strong>Gratia</strong></span> <span class='ocrx_word' id='word_1_27' title='bbox 557 2552 702 2616; x_wconf 91' lang='lat' dir='ltr'>Domini</span> <span class='ocrx_word' id='word_1_28' title='bbox 721 2556 834 2618; x_wconf 89' lang='lat' dir='ltr'>nostri</span> <span class='ocrx_word' id='word_1_29' title='bbox 852 2553 1083 2636; x_wconf 89' lang='lat' dir='ltr'>Jesu·Christi</span> <span class='ocrx_word' id='word_1_30' title='bbox 1103 2555 1147 2617; x_wconf 92' lang='lat' dir='ltr'>sit</span> <span class='ocrx_word' id='word_1_31' title='bbox 1164 2568 1303 2632; x_wconf 86' lang='lat' dir='ltr'>semper</span> <span class='ocrx_word' id='word_1_32' title='bbox 1322 2567 1402 2614; x_wconf 90' lang='lat' dir='ltr'>cum</span> <span class='ocrx_word' id='word_1_33' title='bbox 1422 2550 1585 2613; x_wconf 90' lang='lat' dir='ltr'>omnibus</span> 
     </span>
     <span class='ocr_line' id='line_1_7' title="bbox 356 2645 613 2723; baseline 0 -1"><span class='ocrx_word' id='word_1_34' title='bbox 356 2659 470 2723; x_wconf 84' lang='lat' dir='ltr'>nobis,</span> <span class='ocrx_word' id='word_1_35' title='bbox 487 2645 613 2722; x_wconf 80' lang='lat' dir='ltr'>Amen.</span> 
     </span>
    </p>

    <p class='ocr_par' dir='ltr' id='par_1_5' title="bbox 352 2763 1585 4124">
     <span class='ocr_line' id='line_1_8' title="bbox 415 2763 1583 2846; baseline -0.001 -18"><span class='ocrx_word' id='word_1_36' title='bbox 415 2763 569 2829; x_wconf 86' lang='lat' dir='ltr'>Litterae</span> <span class='ocrx_word' id='word_1_37' title='bbox 589 2784 633 2829; x_wconf 89' lang='lat' dir='ltr'>ex</span> <span class='ocrx_word' id='word_1_38' title='bbox 649 2765 750 2846; x_wconf 90' lang='lat' dir='ltr'>jussu</span> <span class='ocrx_word' id='word_1_39' title='bbox 775 2767 1004 2831; x_wconf 89' lang='lat' dir='ltr'>Paternitatis</span> <span class='ocrx_word' id='word_1_40' title='bbox 1022 2777 1164 2832; x_wconf 87' lang='lat' dir='ltr'>vestrae</span> <span class='ocrx_word' id='word_1_41' title='bbox 1190 2769 1236 2832; x_wconf 92' lang='lat' dir='ltr'>ad</span> <span class='ocrx_word' id='word_1_42' title='bbox 1254 2787 1320 2833; x_wconf 92' lang='lat' dir='ltr'>nos</span> <span class='ocrx_word' id='word_1_43' title='bbox 1339 2769 1435 2832; x_wconf 89' lang='lat' dir='ltr'>circa</span> <span class='ocrx_word' id='word_1_44' title='bbox 1454 2765 1583 2830; x_wconf 82' lang='lat' dir='ltr'>festum</span> 
     </span>
     <span class='ocr_line' id='line_1_9' title="bbox 353 2869 1584 2954; baseline -0.002 -19"><span class='ocrx_word' id='word_1_45' title='bbox 353 2869 643 2937; x_wconf 74' lang='lat' dir='ltr'>circumcisionis</span> <span class='ocrx_word' id='word_1_46' title='bbox 668 2873 811 2938; x_wconf 90' lang='lat' dir='ltr'>Domini</span> <span class='ocrx_word' id='word_1_47' title='bbox 829 2875 999 2954; x_wconf 85' lang='lat' dir='ltr'>scriptae,</span> <span class='ocrx_word' id='word_1_48' title='bbox 1023 2875 1128 2938; x_wconf 90' lang='lat' dir='ltr'>Pater</span> <span class='ocrx_word' id='word_1_49' title='bbox 1148 2876 1196 2938; x_wconf 93' lang='lat' dir='ltr'>mi</span> <span class='ocrx_word' id='word_1_50' title='bbox 1219 2876 1255 2938; x_wconf 92' lang='lat' dir='ltr'>in</span> <span class='ocrx_word' id='word_1_51' title='bbox 1280 2875 1421 2939; x_wconf 89' lang='lat' dir='ltr'>Christo</span> <span class='ocrx_word' id='word_1_52' title='bbox 1444 2889 1584 2952; x_wconf 91' lang='lat' dir='ltr'>semper</span> 
     </span>
     <span class='ocr_line' id='line_1_10' title="bbox 354 2973 1585 3060; baseline -0.002 -18"><span class='ocrx_word' id='word_1_53' title='bbox 354 2979 593 3059; x_wconf 88' lang='lat' dir='ltr'>observande,</span> <span class='ocrx_word' id='word_1_54' title='bbox 610 2981 753 3043; x_wconf 88' lang='lat' dir='ltr'>taudem</span> <span class='ocrx_word' id='word_1_55' title='bbox 765 2979 901 3044; x_wconf 88' lang='lat' dir='ltr'>decima</span> <span class='ocrx_word' id='word_1_56' title='bbox 913 2981 1018 3044; x_wconf 86' lang='lat' dir='ltr'>tertia</span> <span class='ocrx_word' id='word_1_57' title='bbox 1029 2973 1149 3045; x_wconf 89' lang='lat' dir='ltr'>Martii</span> <span class='ocrx_word' id='word_1_58' title='bbox 1160 2981 1206 3044; x_wconf 89' lang='lat' dir='ltr'>ad</span> <span class='ocrx_word' id='word_1_59' title='bbox 1221 3000 1302 3060; x_wconf 91' lang='lat' dir='ltr'>nos,</span> <span class='ocrx_word' id='word_1_60' title='bbox 1322 2980 1425 3044; x_wconf 91' lang='lat' dir='ltr'>avide</span> <span class='ocrx_word' id='word_1_61' title='bbox 1441 2978 1585 3042; x_wconf 90' lang='lat' dir='ltr'>easdem</span> 
     </span>
     <span class='ocr_line' id='line_1_11' title="bbox 353 3085 1583 3168; baseline 0 -21"><span class='ocrx_word' id='word_1_62' title='bbox 353 3094 612 3166; x_wconf 66' lang='lat' dir='ltr'>exspectantes</span> <span class='ocrx_word' id='word_1_63' title='bbox 625 3097 877 3167; x_wconf 87' lang='lat' dir='ltr'>pervenerunt;</span> <span class='ocrx_word' id='word_1_64' title='bbox 895 3088 931 3150; x_wconf 92' lang='lat' dir='ltr'>in</span> <span class='ocrx_word' id='word_1_65' title='bbox 946 3087 1072 3168; x_wconf 87' lang='lat' dir='ltr'>quibus</span> <span class='ocrx_word' id='word_1_66' title='bbox 1086 3088 1172 3151; x_wconf 92' lang='lat' dir='ltr'>mihi</span> <span class='ocrx_word' id='word_1_67' title='bbox 1182 3105 1245 3151; x_wconf 86' lang='lat' dir='ltr'>eas</span> <span class='ocrx_word' id='word_1_68' title='bbox 1255 3088 1386 3168; x_wconf 84' lang='lat' dir='ltr'>legenti</span> <span class='ocrx_word' id='word_1_69' title='bbox 1398 3085 1512 3167; x_wconf 90' lang='lat' dir='ltr'>primo</span> <span class='ocrx_word' id='word_1_70' title='bbox 1528 3103 1583 3147; x_wconf 84' lang='lat' dir='ltr'>oc-</span> 
     </span>
     <span class='ocr_line' id='line_1_12' title="bbox 353 3192 1585 3274; baseline -0.002 -18"><span class='ocrx_word' id='word_1_71' title='bbox 353 3193 474 3271; x_wconf 87' lang='lat' dir='ltr'>currit,</span> <span class='ocrx_word' id='word_1_72' title='bbox 491 3193 526 3256; x_wconf 89' lang='lat' dir='ltr'>in</span> <span class='ocrx_word' id='word_1_73' title='bbox 542 3192 687 3256; x_wconf 90' lang='lat' dir='ltr'>Octobri</span> <span class='ocrx_word' id='word_1_74' title='bbox 702 3193 853 3257; x_wconf 88' lang='lat' dir='ltr'>Romam</span> <span class='ocrx_word' id='word_1_75' title='bbox 867 3193 1001 3257; x_wconf 91' lang='lat' dir='ltr'>intrare</span> <span class='ocrx_word' id='word_1_76' title='bbox 1016 3211 1093 3256; x_wconf 88' lang='lat' dir='ltr'>esse</span> <span class='ocrx_word' id='word_1_77' title='bbox 1109 3211 1335 3258; x_wconf 89' lang='lat' dir='ltr'>concessum:</span> <span class='ocrx_word' id='word_1_78' title='bbox 1356 3194 1450 3274; x_wconf 91' lang='lat' dir='ltr'>quod</span> <span class='ocrx_word' id='word_1_79' title='bbox 1465 3193 1585 3256; x_wconf 91' lang='lat' dir='ltr'>animo</span> 
     </span>
     <span class='ocr_line' id='line_1_13' title="bbox 352 3298 1583 3380; baseline -0.002 -18"><span class='ocrx_word' id='word_1_80' title='bbox 352 3317 430 3363; x_wconf 93' lang='lat' dir='ltr'>meo</span> <span class='ocrx_word' id='word_1_81' title='bbox 444 3317 518 3362; x_wconf 93' lang='lat' dir='ltr'>non</span> <span class='ocrx_word' id='word_1_82' title='bbox 532 3299 645 3380; x_wconf 91' lang='lat' dir='ltr'>potuit</span> <span class='ocrx_word' id='word_1_83' title='bbox 658 3317 729 3363; x_wconf 93' lang='lat' dir='ltr'>non</span> <span class='ocrx_word' id='word_1_84' title='bbox 741 3317 819 3364; x_wconf 87' lang='lat' dir='ltr'>esse</span> <span class='ocrx_word' id='word_1_85' title='bbox 832 3300 1128 3380; x_wconf 87' lang='lat' dir='ltr'>acceptissimum;</span> <span class='ocrx_word' id='word_1_86' title='bbox 1142 3300 1234 3363; x_wconf 92' lang='lat' dir='ltr'>unde</span> <span class='ocrx_word' id='word_1_87' title='bbox 1245 3300 1330 3363; x_wconf 90' lang='lat' dir='ltr'>illud</span> <span class='ocrx_word' id='word_1_88' title='bbox 1341 3298 1511 3380; x_wconf 87' lang='lat' dir='ltr'>perficere</span> <span class='ocrx_word' id='word_1_89' title='bbox 1524 3316 1583 3361; x_wconf 91' lang='lat' dir='ltr'>an·</span> 
     </span>
     <span class='ocr_line' id='line_1_14' title="bbox 353 3405 1582 3486; baseline 0 -18"><span class='ocrx_word' id='word_1_90' title='bbox 353 3408 446 3469; x_wconf 85' lang='lat' dir='ltr'>nitar</span> <span class='ocrx_word' id='word_1_91' title='bbox 461 3405 594 3486; x_wconf 89' lang='lat' dir='ltr'>sedulo,</span> <span class='ocrx_word' id='word_1_92' title='bbox 611 3407 693 3470; x_wconf 93' lang='lat' dir='ltr'>hinc</span> <span class='ocrx_word' id='word_1_93' title='bbox 709 3415 770 3470; x_wconf 88' lang='lat' dir='ltr'>aut</span> <span class='ocrx_word' id='word_1_94' title='bbox 786 3407 822 3470; x_wconf 93' lang='lat' dir='ltr'>in</span> <span class='ocrx_word' id='word_1_95' title='bbox 836 3406 1010 3486; x_wconf 88' lang='lat' dir='ltr'>principio</span> <span class='ocrx_word' id='word_1_96' title='bbox 1025 3406 1180 3486; x_wconf 78' lang='lat' dir='ltr'>Augusti</span> <span class='ocrx_word' id='word_1_97' title='bbox 1194 3417 1255 3470; x_wconf 92' lang='lat' dir='ltr'>aut</span> <span class='ocrx_word' id='word_1_98' title='bbox 1274 3407 1378 3470; x_wconf 91' lang='lat' dir='ltr'>citius</span> <span class='ocrx_word' id='word_1_99' title='bbox 1398 3405 1582 3482; x_wconf 85' lang='lat' dir='ltr'>recedens,</span> 
     </span>
     <span class='ocr_line' id='line_1_15' title="bbox 353 3511 1583 3593; baseline -0.001 -19"><span class='ocrx_word' id='word_1_100' title='bbox 353 3521 426 3575; x_wconf 89' lang='lat' dir='ltr'>tum</span> <span class='ocrx_word' id='word_1_101' title='bbox 441 3514 523 3592; x_wconf 88' lang='lat' dir='ltr'>quia</span> <span class='ocrx_word' id='word_1_102' title='bbox 539 3512 623 3575; x_wconf 92' lang='lat' dir='ltr'>illud</span> <span class='ocrx_word' id='word_1_103' title='bbox 637 3521 777 3593; x_wconf 91' lang='lat' dir='ltr'>tempus</span> <span class='ocrx_word' id='word_1_104' title='bbox 790 3513 1071 3593; x_wconf 86' lang='lat' dir='ltr'>peregrinationi</span> <span class='ocrx_word' id='word_1_105' title='bbox 1082 3513 1172 3575; x_wconf 91' lang='lat' dir='ltr'>inter</span> <span class='ocrx_word' id='word_1_106' title='bbox 1184 3511 1295 3593; x_wconf 86' lang='lat' dir='ltr'>Alpes</span> <span class='ocrx_word' id='word_1_107' title='bbox 1306 3523 1360 3576; x_wconf 88' lang='lat' dir='ltr'>est</span> <span class='ocrx_word' id='word_1_108' title='bbox 1371 3511 1583 3575; x_wconf 90' lang='lat' dir='ltr'>commodis-</span> 
     </span>
     <span class='ocr_line' id='line_1_16' title="bbox 352 3617 1584 3698; baseline -0.002 -18"><span class='ocrx_word' id='word_1_109' title='bbox 352 3618 491 3696; x_wconf 88' lang='lat' dir='ltr'>simum,</span> <span class='ocrx_word' id='word_1_110' title='bbox 507 3627 581 3682; x_wconf 92' lang='lat' dir='ltr'>tum</span> <span class='ocrx_word' id='word_1_111' title='bbox 595 3620 714 3698; x_wconf 92' lang='lat' dir='ltr'>etiam,</span> <span class='ocrx_word' id='word_1_112' title='bbox 732 3619 814 3698; x_wconf 92' lang='lat' dir='ltr'>quia</span> <span class='ocrx_word' id='word_1_113' title='bbox 828 3620 917 3682; x_wconf 94' lang='lat' dir='ltr'>bene</span> <span class='ocrx_word' id='word_1_114' title='bbox 936 3619 1099 3682; x_wconf 86' lang='lat' dir='ltr'>existimo</span> <span class='ocrx_word' id='word_1_115' title='bbox 1122 3619 1189 3682; x_wconf 91' lang='lat' dir='ltr'>hoc</span> <span class='ocrx_word' id='word_1_116' title='bbox 1213 3617 1421 3682; x_wconf 90' lang='lat' dir='ltr'>Paternitati</span> <span class='ocrx_word' id='word_1_117' title='bbox 1439 3628 1584 3682; x_wconf 86' lang='lat' dir='ltr'>vestrae</span> 
     </span>
     <span class='ocr_line' id='line_1_17' title="bbox 353 3725 1583 3804; baseline 0.001 -19"><span class='ocrx_word' id='word_1_118' title='bbox 353 3732 538 3804; x_wconf 91' lang='lat' dir='ltr'>acceptum</span> <span class='ocrx_word' id='word_1_119' title='bbox 553 3725 638 3804; x_wconf 88' lang='lat' dir='ltr'>sore,</span> <span class='ocrx_word' id='word_1_120' title='bbox 656 3727 686 3788; x_wconf 90' lang='lat' dir='ltr'>si</span> <span class='ocrx_word' id='word_1_121' title='bbox 700 3725 829 3790; x_wconf 84' lang='lat' dir='ltr'>iratres</span> <span class='ocrx_word' id='word_1_122' title='bbox 845 3727 942 3789; x_wconf 90' lang='lat' dir='ltr'>circa</span> <span class='ocrx_word' id='word_1_123' title='bbox 956 3727 1023 3789; x_wconf 91' lang='lat' dir='ltr'>iter</span> <span class='ocrx_word' id='word_1_124' title='bbox 1043 3743 1161 3790; x_wconf 90' lang='lat' dir='ltr'>meum</span> <span class='ocrx_word' id='word_1_125' title='bbox 1180 3734 1441 3789; x_wconf 87' lang='lat' dir='ltr'>commorantes</span> <span class='ocrx_word' id='word_1_126' title='bbox 1460 3725 1583 3787; x_wconf 88' lang='lat' dir='ltr'>visita-</span> 
     </span>
     <span class='ocr_line' id='line_1_18' title="bbox 352 3829 1583 3912; baseline 0.002 -21"><span class='ocrx_word' id='word_1_127' title='bbox 352 3845 451 3908; x_wconf 87' lang='lat' dir='ltr'>vero,</span> <span class='ocrx_word' id='word_1_128' title='bbox 468 3831 668 3910; x_wconf 90' lang='lat' dir='ltr'>eisdemque</span> <span class='ocrx_word' id='word_1_129' title='bbox 683 3831 806 3895; x_wconf 90' lang='lat' dir='ltr'>diebus</span> <span class='ocrx_word' id='word_1_130' title='bbox 821 3832 953 3912; x_wconf 91' lang='lat' dir='ltr'>aliquot</span> <span class='ocrx_word' id='word_1_131' title='bbox 971 3831 1145 3896; x_wconf 85' lang='lat' dir='ltr'>rationem</span> <span class='ocrx_word' id='word_1_132' title='bbox 1164 3832 1320 3895; x_wconf 91' lang='lat' dir='ltr'>omnium</span> <span class='ocrx_word' id='word_1_133' title='bbox 1337 3831 1414 3895; x_wconf 86' lang='lat' dir='ltr'>Pat.</span> <span class='ocrx_word' id='word_1_134' title='bbox 1436 3829 1481 3894; x_wconf 91' lang='lat' dir='ltr'>V.</span> <span class='ocrx_word' id='word_1_135' title='bbox 1506 3831 1583 3895; x_wconf 89' lang='lat' dir='ltr'>red·</span> 
     </span>
     <span class='ocr_line' id='line_1_19' title="bbox 352 3936 1583 4018; baseline 0.002 -20"><span class='ocrx_word' id='word_1_136' title='bbox 352 3936 501 4015; x_wconf 68' lang='lat' dir='ltr'>diturus</span> <span class='ocrx_word' id='word_1_137' title='bbox 519 3937 675 4000; x_wconf 81' lang='lat' dir='ltr'>adiuero.</span> <span class='ocrx_word' id='word_1_138' title='bbox 692 3939 837 4002; x_wconf 89' lang='lat' dir='ltr'>Interim</span> <span class='ocrx_word' id='word_1_139' title='bbox 851 3949 970 4002; x_wconf 89' lang='lat' dir='ltr'>tamen</span> <span class='ocrx_word' id='word_1_140' title='bbox 986 3939 1040 4017; x_wconf 92' lang='lat' dir='ltr'>(ut</span> <span class='ocrx_word' id='word_1_141' title='bbox 1055 3940 1203 4002; x_wconf 90' lang='lat' dir='ltr'>consilio</span> <span class='ocrx_word' id='word_1_142' title='bbox 1218 3937 1368 4002; x_wconf 85' lang='lat' dir='ltr'>fratrum</span> <span class='ocrx_word' id='word_1_143' title='bbox 1388 3937 1507 4018; x_wconf 89' lang='lat' dir='ltr'>coepi)</span> <span class='ocrx_word' id='word_1_144' title='bbox 1524 3938 1583 4001; x_wconf 90' lang='lat' dir='ltr'>hic</span> 
     </span>
     <span class='ocr_line' id='line_1_20' title="bbox 352 4043 831 4124; baseline 0 -20"><span class='ocrx_word' id='word_1_145' title='bbox 352 4043 553 4122; x_wconf 84' lang='lat' dir='ltr'>theologiae</span> <span class='ocrx_word' id='word_1_146' title='bbox 568 4061 713 4124; x_wconf 91' lang='lat' dir='ltr'>operam</span> <span class='ocrx_word' id='word_1_147' title='bbox 728 4044 831 4109; x_wconf 91' lang='lat' dir='ltr'>dabo.</span> 
     </span>
    </p>

    <p class='ocr_par' dir='ltr' id='par_1_6' title="bbox 413 4148 1578 4229">
     <span class='ocr_line' id='line_1_21' title="bbox 413 4148 1578 4229; baseline -0.001 -17"><span class='ocrx_word' id='word_1_148' title='bbox 413 4148 513 4229; x_wconf 91' lang='lat' dir='ltr'>Quod</span> <span class='ocrx_word' id='word_1_149' title='bbox 529 4161 646 4215; x_wconf 87' lang='lat' dir='ltr'>autem</span> <span class='ocrx_word' id='word_1_150' title='bbox 661 4149 707 4214; x_wconf 90' lang='lat' dir='ltr'>ad</span> <span class='ocrx_word' id='word_1_151' title='bbox 721 4151 871 4215; x_wconf 82' lang='lat' dir='ltr'>fratrum</span> <span class='ocrx_word' id='word_1_152' title='bbox 886 4153 1010 4215; x_wconf 90' lang='lat' dir='ltr'>attinet</span> <span class='ocrx_word' id='word_1_153' title='bbox 1024 4152 1334 4228; x_wconf 88' lang='lat' dir='ltr'>cohabitationem,</span> <span class='ocrx_word' id='word_1_154' title='bbox 1352 4153 1443 4214; x_wconf 87' lang='lat' dir='ltr'>sciat</span> <span class='ocrx_word' id='word_1_155' title='bbox 1464 4151 1506 4215; x_wconf 88' lang='lat' dir='ltr'>R.</span> <span class='ocrx_word' id='word_1_156' title='bbox 1532 4151 1578 4214; x_wconf 91' lang='lat' dir='ltr'>V.</span> 
     </span>
    </p>
   </div>
   <div class='ocr_carea' id='block_1_5' title="bbox 351 4423 1583 4765">
    <p class='ocr_par' dir='ltr' id='par_1_7' title="bbox 351 4423 1583 4692">
     <span class='ocr_line' id='line_1_22' title="bbox 393 4423 1581 4482; baseline 0 -14"><span class='ocrx_word' id='word_1_157' title='bbox 393 4426 401 4458; x_wconf 84' lang='lat'><strong>¹</strong></span> <span class='ocrx_word' id='word_1_158' title='bbox 431 4424 555 4469; x_wconf 79' lang='lat' dir='ltr'>Historia</span> <span class='ocrx_word' id='word_1_159' title='bbox 574 4427 663 4476; x_wconf 78' lang='lat' dir='ltr'>varia,</span> <span class='ocrx_word' id='word_1_160' title='bbox 682 4425 724 4469; x_wconf 86' lang='lat' dir='ltr'>iol.</span> <span class='ocrx_word' id='word_1_161' title='bbox 745 4425 913 4470; x_wconf 67' lang='lat' dir='ltr'>iil-Daniel</span> <span class='ocrx_word' id='word_1_162' title='bbox 931 4425 1112 4482; x_wconf 78' lang='lat' dir='ltr'>Paeybroeclr,</span> <span class='ocrx_word' id='word_1_163' title='bbox 1132 4430 1164 4470; x_wconf 71' lang='lat' dir='ltr'>ne</span> <span class='ocrx_word' id='word_1_164' title='bbox 1180 4429 1196 4470; x_wconf 72' lang='lat' dir='ltr'>a</span> <span class='ocrx_word' id='word_1_165' title='bbox 1214 4425 1356 4471; x_wconf 85' lang='lat' dir='ltr'>Termoude</span> <span class='ocrx_word' id='word_1_166' title='bbox 1373 4437 1435 4470; x_wconf 80' lang='lat' dir='ltr'>vers</span> <span class='ocrx_word' id='word_1_167' title='bbox 1451 4423 1502 4471; x_wconf 83' lang='lat' dir='ltr'>l&#39;au</span> <span class='ocrx_word' id='word_1_168' title='bbox 1520 4427 1581 4479; x_wconf 74' lang='lat'>1518,</span> 
     </span>
     <span class='ocr_line' id='line_1_23' title="bbox 351 4496 1582 4550; baseline 0.002 -12"><span class='ocrx_word' id='word_1_169' title='bbox 351 4496 435 4540; x_wconf 83' lang='lat' dir='ltr'>admis</span> <span class='ocrx_word' id='word_1_170' title='bbox 446 4498 461 4538; x_wconf 80' lang='lat' dir='ltr'>a</span> <span class='ocrx_word' id='word_1_171' title='bbox 471 4496 589 4539; x_wconf 86' lang='lat' dir='ltr'>Louvain</span> <span class='ocrx_word' id='word_1_172' title='bbox 600 4508 631 4539; x_wconf 89' lang='lat' dir='ltr'>en</span> <span class='ocrx_word' id='word_1_173' title='bbox 643 4496 701 4548; x_wconf 64' lang='grc'><strong>1543,</strong></span> <span class='ocrx_word' id='word_1_174' title='bbox 714 4502 782 4540; x_wconf 87' lang='lat' dir='ltr'>mort</span> <span class='ocrx_word' id='word_1_175' title='bbox 794 4497 937 4540; x_wconf 74' lang='lat' dir='ltr'>ltPalerme</span> <span class='ocrx_word' id='word_1_176' title='bbox 948 4498 971 4540; x_wconf 87' lang='lat' dir='ltr'>le</span> <span class='ocrx_word' id='word_1_177' title='bbox 982 4497 1009 4540; x_wconf 84' lang='lat'>25</span> <span class='ocrx_word' id='word_1_178' title='bbox 1018 4498 1153 4541; x_wconf 79' lang='lat' dir='ltr'>decembre</span> <span class='ocrx_word' id='word_1_179' title='bbox 1172 4497 1231 4550; x_wconf 67' lang='lat' dir='ltr'>totu</span> <span class='ocrx_word' id='word_1_180' title='bbox 1250 4499 1267 4542; x_wconf 91' lang='lat' dir='ltr'>il</span> <span class='ocrx_word' id='word_1_181' title='bbox 1285 4500 1323 4542; x_wconf 83' lang='lat' dir='ltr'>int</span> <span class='ocrx_word' id='word_1_182' title='bbox 1341 4503 1443 4542; x_wconf 78' lang='lat' dir='ltr'>recreor</span> <span class='ocrx_word' id='word_1_183' title='bbox 1461 4497 1493 4541; x_wconf 87' lang='lat' dir='ltr'>de</span> <span class='ocrx_word' id='word_1_184' title='bbox 1511 4496 1582 4541; x_wconf 83' lang='lat' dir='ltr'>Mou-</span> 
     </span>
     <span class='ocr_line' id='line_1_24' title="bbox 352 4565 1583 4624; baseline 0.001 -15"><span class='ocrx_word' id='word_1_185' title='bbox 352 4567 422 4610; x_wconf 83' lang='lat' dir='ltr'>reale</span> <span class='ocrx_word' id='word_1_186' title='bbox 433 4565 537 4618; x_wconf 78' lang='lat' dir='ltr'>(sicile).</span> <span class='ocrx_word' id='word_1_187' title='bbox 549 4565 576 4609; x_wconf 85' lang='lat' dir='ltr'>P.</span> <span class='ocrx_word' id='word_1_188' title='bbox 588 4566 617 4610; x_wconf 93' lang='lat' dir='ltr'>L.</span> <span class='ocrx_word' id='word_1_189' title='bbox 627 4566 772 4621; x_wconf 72' lang='lat' dir='ltr'>Drrnrlcn,</span> <span class='ocrx_word' id='word_1_190' title='bbox 784 4566 1018 4610; x_wconf 72' lang='lat' dir='ltr'>L’dtablr&#39;ssement</span> <span class='ocrx_word' id='word_1_191' title='bbox 1036 4569 1069 4611; x_wconf 85' lang='lat' dir='ltr'>de</span> <span class='ocrx_word' id='word_1_192' title='bbox 1085 4568 1113 4612; x_wconf 81' lang='lat' dir='ltr'>la</span> <span class='ocrx_word' id='word_1_193' title='bbox 1131 4568 1292 4622; x_wconf 80' lang='lat' dir='ltr'>compagnie</span> <span class='ocrx_word' id='word_1_194' title='bbox 1308 4569 1341 4612; x_wconf 78' lang='lat' dir='ltr'>de</span> <span class='ocrx_word' id='word_1_195' title='bbox 1357 4568 1440 4624; x_wconf 67' lang='lat' dir='ltr'>stus</span> <span class='ocrx_word' id='word_1_196' title='bbox 1456 4569 1527 4612; x_wconf 82' lang='lat' dir='ltr'>dans</span> <span class='ocrx_word' id='word_1_197' title='bbox 1541 4568 1583 4612; x_wconf 81' lang='lat' dir='ltr'>les</span> 
     </span>
     <span class='ocr_line' id='line_1_25' title="bbox 352 4637 859 4692; baseline 0.004 -12"><span class='ocrx_word' id='word_1_198' title='bbox 352 4637 501 4691; x_wconf 77' lang='lat' dir='ltr'>Pays-Bas,</span> <span class='ocrx_word' id='word_1_199' title='bbox 511 4639 674 4692; x_wconf 81' lang='lat' dir='ltr'>Appendice,</span> <span class='ocrx_word' id='word_1_200' title='bbox 685 4638 828 4682; x_wconf 87' lang='lat' dir='ltr'>Document</span> <span class='ocrx_word' id='word_1_201' title='bbox 840 4638 859 4682; x_wconf 88' lang='grc' dir='ltr'>Ι.</span> 
     </span>
    </p>

    <p class='ocr_par' dir='ltr' id='par_1_8' title="bbox 393 4709 1175 4765">
     <span class='ocr_line' id='line_1_26' title="bbox 393 4709 1175 4765; baseline 0.004 -13"><span class='ocrx_word' id='word_1_202' title='bbox 393 4710 404 4741; x_wconf 65' lang='lat'>2</span> <span class='ocrx_word' id='word_1_203' title='bbox 434 4709 472 4753; x_wconf 84' lang='lat' dir='ltr'>ltu</span> <span class='ocrx_word' id='word_1_204' title='bbox 483 4711 508 4753; x_wconf 89' lang='lat' dir='ltr'>ln</span> <span class='ocrx_word' id='word_1_205' title='bbox 518 4710 645 4764; x_wconf 87' lang='lat' dir='ltr'>superiori</span> <span class='ocrx_word' id='word_1_206' title='bbox 654 4711 771 4764; x_wconf 80' lang='lat' dir='ltr'>margine</span> <span class='ocrx_word' id='word_1_207' title='bbox 782 4710 809 4754; x_wconf 90' lang='lat' dir='ltr'>P.</span> <span class='ocrx_word' id='word_1_208' title='bbox 822 4710 1022 4765; x_wconf 82' lang='lat' dir='ltr'>christophorus</span> <span class='ocrx_word' id='word_1_209' title='bbox 1033 4713 1064 4754; x_wconf 88' lang='lat' dir='ltr'>de</span> <span class='ocrx_word' id='word_1_210' title='bbox 1075 4711 1175 4756; x_wconf 73' lang='lat' dir='ltr'>Castro.</span> 
     </span>
    </p>
   </div>
   <div class='ocr_carea' id='block_1_6' title="bbox 0 0 1726 5538">
    <p class='ocr_par' dir='ltr' id='par_1_9' title="bbox 0 0 1726 5538">
     <span class='ocr_line' id='line_1_27' title="bbox 0 0 1726 5538; baseline 0 0"><span class='ocrx_word' id='word_1_211' title='bbox 0 0 1726 5538; x_wconf 95' lang='lat' dir='ltr'> </span> 
     </span>
    </p>
   </div>
  </div>
 </body>
</html>
